2452 3970
356 251 411 297 nro.
436 254 476 302 ru.
501 252 563 298 aar.
588 250 635 296 cx.
659 251 693 295 nr
718 251 773 296 cnr.
965 227 1027 295 tas

93 320 187 388 alind.
213 319 326 387 Omnia
364 323 456 408 igitur
493 342 573 408 quac
596 341 652 406 per
692 319 771 386 hanc
793 317 941 384 visionem
976 341 1028 385 co-

93 412 211 496 gnoscit
233 411 325 497 simul
350 428 419 476 actu
449 409 632 476 considerat.

157 499 308 587 Amplius,
331 501 363 565 ln
382 500 487 566 diuina
511 497 681 564 substantia
721 495 894 561 intellectus
918 519 1026 563 omnes

91 609 197 654 rernm
221 591 339 675 species
363 589 530 674 cognoscit,
554 601 587 652 ut
610 607 646 651 ex
671 585 833 671 praedictis
869 587 920 673 (c.
959 587 1026 671 aa)

91 690 184 762 patet.
221 678 434 760 Quorumdam
475 691 578 743 autem
615 695 764 759 generum
801 687 873 740 suat
910 677 1026 762 species

90 767 239 844 infinitae,
261 767 340 832 sicut
373 787 572 832 numerorum
596 777 627 830 et
650 764 818 846 figurarum
843 776 872 828 et
896 785 1025 853 propor-

90 857 230 920 tionum
247 855 422 922 Intellectus
447 857 539 942 igitur
566 856 597 920 in
621 851 723 918 divina
747 853 916 918 substantia
945 853 1027 918 uidet

90 943 221 1008 infinita.
244 945 312 1009 Non
336 959 438 1010 aulem
457 946 560 1010 omnin
584 965 619 1008 ea
645 942 750 1006 ridere
778 956 878 1026 posset
901 944 960 1008 nisi
985 943 1025 1006 si-

91 1033 158 1096 mul
183 1033 310 1112 uideret,
333 1035 402 1120 quia
427 1033 545 1099 inlicita
570 1053 631 1098 non
668 1043 714 1094 est
742 1033 881 1096 transire.
898 1031 1025 1118 Oportet

89 1121 185 1204 igitur
207 1121 290 1206 qaod
315 1123 419 1188 omnic
443 1143 523 1208 quac
561 1117 734 1188 intellectus
771 1119 801 1182 iu
825 1121 928 1187 divina
951 1121 1024 1184 snb-
1094 1119 1102 1152 ⁸

88 1210 199 1272 stantis
225 1211 306 1276 videt
328 1212 420 1276 simul
443 1211 552 1277 videat.

158 1298 234 1363 llinc
257 1301 397 1386 estquod
421 1300 605 1384 Augustinus
629 1298 710 1363 dicit:
751 1299 907 1364 Fortassis
931 1299 1025 1362 etiam

87 1385 240 1452 volubiles
260 1409 321 1452 aaa
345 1401 434 1454 erant
454 1400 579 1454 nostrae
602 1383 810 1472 capitationem
834 1387 873 1452 ab
896 1388 968 1450 aliis
991 1389 1024 1450 in

86 1476 156 1538 alio
179 1490 282 1542 cantes
304 1489 394 1562 atque
416 1479 588 1556 redeuntes,
612 1477 666 1541 sed
710 1497 828 1540 ornnem
865 1477 1024 1541 scientiam

60 1575 228 1628 -nostrcra
252 1587 311 1630 uno
334 1569 428 1632 simul
449 1579 612 1651 conspecta
634 1565 804 1631 videbimus
828 1565 889 1652 (l).

329 1793 332 1798 -
414 1743 584 1810 elenu
622 1743 695 1808 lle.

159 1921 250 1999 Quod
269 1943 328 2006 per
350 1924 497 1988 visionem
522 1922 579 1985 Dei
601 1923 714 2007 aliquis
737 1924 777 1987 sit
798 1925 956 2010 particeps

422 2014 504 2076 citae
537 2023 690 2076 aeternae.

158 2187 198 2252 lix
223 2188 281 2252 lroc
305 2203 407 2254 antem
431 2201 557 2274 apparet
581 2187 664 2274 quod
690 2207 744 2274 per
766 2189 914 2254 visionem
932 2208 1020 2274 prae-

91 2277 216 2353 dictam,
239 2277 409 2342 intellectus
433 2290 553 2342 creatus
577 2279 657 2342 vitae
696 2288 840 2342 aeternae
878 2279 917 2342 sit
951 2297 1020 2364 pcr-

91 2368 197 2450 ticeps.
645 2415 648 2422 ,
706 2393 708 2399 2

158 2455 191 2517 ln
217 2455 274 2518 hoc
298 2455 379 2518 enlm
404 2457 566 2521 aeternitas
590 2476 606 2518 a
631 2469 771 2541 tempore
811 2455 914 2521 diflert
937 2455 1021 2542 quod

91 2557 214 2629 tempus
238 2544 268 2606 in
292 2543 424 2629 quadam
463 2547 658 2610 successione
682 2544 775 2608 herber
811 2565 888 2620 esse,
921 2559 1020 2610 aeter·

92 2631 194 2696 nitatis
217 2651 290 2697 nero
313 2647 448 2698 esseest
471 2647 568 2699 totum
606 2633 708 2698 simul.
742 2633 810 2698 lam
849 2648 951 2700 autem
988 2657 1021 2699 o-

92 2735 230 2786 stensum
254 2733 299 2786 est
323 2725 374 2806 (c.
398 2723 467 2809 60)
491 2722 574 2808 quod
598 2722 628 2786 in
653 2722 807 2808 praedicta
823 2723 941 2788 visione
957 2744 1020 2788 non

92 2823 137 2874 est
162 2809 262 2894 aliquo
285 2812 448 2889 successio,
472 2811 525 2876 sed
549 2812 653 2874 amnia
676 2831 755 2895 qaue
790 2813 951 2896 perillam
977 2815 1020 2875 vi-

88 2899 201 2963 dentur
224 2899 317 2962 simul
341 2913 370 2964 et
395 2919 456 2963 uno
480 2897 589 2964 intditu
615 2898 768 2964 videntur.
786 2897 839 2964 llln
856 2901 1020 2984 engonisio

86 2988 118 3051 in
143 2985 277 3072 quadam
302 2989 487 3052 aeternitatis
512 2987 743 3074 participatione
779 2987 945 3072 perlinitur.
970 2989 1019 3053 Est

88 3089 193 3140 cutem
217 3075 266 3138 illo
291 3075 366 3140 nisio
390 3077 542 3161 quaedam
567 3075 637 3153 vita;
660 3076 739 3140 actio
779 3075 862 3139 eninr
903 3077 1019 3140 intelle-

88 3179 155 3228 ctus
179 3165 306 3228 ess-vin
330 3165 492 3250 quaedam.
518 3164 564 3228 Fit
588 3183 672 3248 ergo,
697 3183 752 3248 per
770 3163 852 3228 illam
868 3165 1018 3230 visionem

88 3251 259 3318 intellectus
282 3267 401 3317 creatus
425 3254 504 3318 vitae
528 3267 670 3318 aeternae
703 3253 863 3338 particeps.

127 3361 131 3368 ·
155 3340 242 3418 leem,
266 3341 325 3406 Per
347 3341 466 3427 objecta
490 3355 575 3408 actus
598 3341 823 3428 specificantur.
853 3339 1016 3426 Objectum

86 3443 191 3496 cutem
216 3430 388 3514 praedictae
411 3433 535 3497 visionis
559 3446 605 3498 est
628 3432 728 3496 diuina
763 3430 933 3496 substantio
972 3451 1019 3496 se-

138 3535 179 3605 (l)
200 3535 238 3588 Do
260 3534 365 3604 Trinit,
389 3535 506 3607 1.ttt‚e.
528 3536 571 3592 la.
642 3609 646 3618 Ι
