<?xml version="1.0" encoding="UTF-8"?>
<!DOCTYPE html PUBLIC "-//W3C//DTD XHTML 1.0 Transitional//EN"
    "http://www.w3.org/TR/xhtml1/DTD/xhtml1-transitional.dtd">
<html xmlns="http://www.w3.org/1999/xhtml" xml:lang="en" lang="en">
 <head>
  <title>
</title>
<meta http-equiv="Content-Type" content="text/html;charset=utf-8" />
  <meta name='ocr-system' content='tesseract 3.04.00' />
  <meta name='ocr-capabilities' content='ocr_page ocr_carea ocr_par ocr_line ocrx_word'/>
</head>
<body>
  <div class='ocr_page' id='page_1' title='image "./sanctithomaeaqu00thomgoog_0429.png"; bbox 0 0 2516 3968; ppageno 0'>
   <div class='ocr_carea' id='block_1_1' title="bbox 234 239 1240 3612">
    <p class='ocr_par' dir='ltr' id='par_1_1' title="bbox 234 239 1240 3612">
     <span class='ocr_line' id='line_1_1' title="bbox 234 239 900 307; baseline -0.003 -1"><span class='ocrx_word' id='word_1_1' title='bbox 234 239 307 307; x_wconf 65' lang='lat' dir='ltr'><strong>&#39;lli</strong></span> <span class='ocrx_word' id='word_1_2' title='bbox 532 259 588 306; x_wconf 78' lang='lat' dir='ltr'><strong>arn.</strong></span> <span class='ocrx_word' id='word_1_3' title='bbox 613 259 657 305; x_wconf 90' lang='grc' dir='ltr'><strong>ιιι.Ι</strong></span> <span class='ocrx_word' id='word_1_4' title='bbox 678 259 741 306; x_wconf 81' lang='lat' dir='ltr'><strong>err.</strong></span> <span class='ocrx_word' id='word_1_5' title='bbox 760 257 900 307; x_wconf 82' lang='lat' dir='ltr'><strong>cxrxvru.</strong></span> 
     </span>
     <span class='ocr_line' id='line_1_2' title="bbox 240 327 1152 416; baseline 0 -22"><span class='ocrx_word' id='word_1_6' title='bbox 240 330 408 416; x_wconf 75' lang='lat' dir='ltr'>implentur</span> <span class='ocrx_word' id='word_1_7' title='bbox 430 328 531 416; x_wconf 85' lang='lat' dir='ltr'><strong>aliqua</strong></span> <span class='ocrx_word' id='word_1_8' title='bbox 555 349 635 416; x_wconf 87' lang='lat' dir='ltr'><strong>quaa</strong></span> <span class='ocrx_word' id='word_1_9' title='bbox 657 329 726 415; x_wconf 84' lang='lat' dir='ltr'><strong>qnls</strong></span> <span class='ocrx_word' id='word_1_10' title='bbox 738 329 819 394; x_wconf 88' lang='lat' dir='ltr'><strong>vovit</strong></span> <span class='ocrx_word' id='word_1_11' title='bbox 832 329 877 394; x_wconf 85' lang='lat' dir='ltr'><strong>vel</strong></span> <span class='ocrx_word' id='word_1_12' title='bbox 895 327 1047 414; x_wconf 80' lang='lat' dir='ltr'><strong>quaesibi</strong></span> <span class='ocrx_word' id='word_1_13' title='bbox 1064 347 1152 415; x_wconf 84' lang='lat' dir='ltr'><strong>prae·</strong></span> 
     </span>
     <span class='ocr_line' id='line_1_3' title="bbox 239 416 1155 505; baseline -0.009 -16"><span class='ocrx_word' id='word_1_14' title='bbox 239 419 396 505; x_wconf 79' lang='lat' dir='ltr'><strong>cipiantur</strong></span> <span class='ocrx_word' id='word_1_15' title='bbox 418 417 458 484; x_wconf 89' lang='lat' dir='ltr'><strong>ub</strong></span> <span class='ocrx_word' id='word_1_16' title='bbox 480 439 518 484; x_wconf 91' lang='lat' dir='ltr'><strong>eo</strong></span> <span class='ocrx_word' id='word_1_17' title='bbox 541 419 589 484; x_wconf 89' lang='lat' dir='ltr'><strong>cui</strong></span> <span class='ocrx_word' id='word_1_18' title='bbox 613 421 648 484; x_wconf 85' lang='lat' dir='ltr'><strong>&#39;ae</strong></span> <span class='ocrx_word' id='word_1_19' title='bbox 671 417 808 484; x_wconf 79' lang='lat' dir='ltr'><strong>subdidit</strong></span> <span class='ocrx_word' id='word_1_20' title='bbox 829 431 956 505; x_wconf 82' lang='lat' dir='ltr'><strong>propter</strong></span> <span class='ocrx_word' id='word_1_21' title='bbox 969 416 1071 482; x_wconf 88' lang='lat' dir='ltr'><strong>Deum</strong></span> <span class='ocrx_word' id='word_1_22' title='bbox 1088 437 1155 481; x_wconf 88' lang='lat' dir='ltr'><strong>mn·</strong></span> 
     </span>
     <span class='ocr_line' id='line_1_4' title="bbox 236 503 1156 592; baseline -0.002 -20"><span class='ocrx_word' id='word_1_23' title='bbox 236 506 298 592; x_wconf 82' lang='lat' dir='ltr'><strong>jori</strong></span> <span class='ocrx_word' id='word_1_24' title='bbox 322 506 412 572; x_wconf 89' lang='lat' dir='ltr'><strong>laude</strong></span> <span class='ocrx_word' id='word_1_25' title='bbox 436 521 466 572; x_wconf 90' lang='lat' dir='ltr'><strong>et</strong></span> <span class='ocrx_word' id='word_1_26' title='bbox 489 507 740 572; x_wconf 78' lang='lat' dir='ltr'><strong>remuneratione</strong></span> <span class='ocrx_word' id='word_1_27' title='bbox 762 520 834 572; x_wconf 88' lang='lat' dir='ltr'><strong>sunt</strong></span> <span class='ocrx_word' id='word_1_28' title='bbox 871 506 974 591; x_wconf 79' lang='lat' dir='ltr'><strong>digna.</strong></span> <span class='ocrx_word' id='word_1_29' title='bbox 999 503 1156 590; x_wconf 73' lang='lat' dir='ltr'><strong>Contingit</strong></span> 
     </span>
     <span class='ocr_line' id='line_1_5' title="bbox 240 593 1157 672; baseline -0.002 -12"><span class='ocrx_word' id='word_1_30' title='bbox 240 609 343 662; x_wconf 87' lang='lat' dir='ltr'><strong>autem</strong></span> <span class='ocrx_word' id='word_1_31' title='bbox 368 617 465 661; x_wconf 90' lang='lat' dir='ltr'><strong>unum</strong></span> <span class='ocrx_word' id='word_1_32' title='bbox 489 609 590 661; x_wconf 87' lang='lat' dir='ltr'><strong>actum</strong></span> <span class='ocrx_word' id='word_1_33' title='bbox 615 595 748 661; x_wconf 89' lang='lat' dir='ltr'><strong>duorum</strong></span> <span class='ocrx_word' id='word_1_34' title='bbox 786 596 929 661; x_wconf 85' lang='lat' dir='ltr'><strong>vitiorum</strong></span> <span class='ocrx_word' id='word_1_35' title='bbox 966 613 1045 672; x_wconf 86' lang='lat' dir='ltr'><strong>esse,</strong></span> <span class='ocrx_word' id='word_1_36' title='bbox 1079 593 1157 658; x_wconf 86' lang='lat' dir='ltr'><strong>dum</strong></span> 
     </span>
     <span class='ocr_line' id='line_1_6' title="bbox 240 682 1159 761; baseline -0.002 -13"><span class='ocrx_word' id='word_1_37' title='bbox 240 685 439 761; x_wconf 88' lang='lat' dir='ltr'><strong>actusunius</strong></span> <span class='ocrx_word' id='word_1_38' title='bbox 462 684 525 748; x_wconf 88' lang='lat' dir='ltr'><strong>vitii</strong></span> <span class='ocrx_word' id='word_1_39' title='bbox 549 684 588 749; x_wconf 93' lang='lat' dir='ltr'><strong>ad</strong></span> <span class='ocrx_word' id='word_1_40' title='bbox 612 683 705 749; x_wconf 87' lang='lat' dir='ltr'><strong>finam</strong></span> <span class='ocrx_word' id='word_1_41' title='bbox 730 683 855 750; x_wconf 86' lang='lat' dir='ltr'><strong>alterius</strong></span> <span class='ocrx_word' id='word_1_42' title='bbox 885 683 949 750; x_wconf 88' lang='lat' dir='ltr'><strong>vitii</strong></span> <span class='ocrx_word' id='word_1_43' title='bbox 987 682 1159 760; x_wconf 87' lang='lat' dir='ltr'><strong>ordinatur,</strong></span> 
     </span>
     <span class='ocr_line' id='line_1_7' title="bbox 239 771 1158 860; baseline -0.002 -22"><span class='ocrx_word' id='word_1_44' title='bbox 239 787 284 850; x_wconf 86' lang='lat' dir='ltr'><strong>ut,</strong></span> <span class='ocrx_word' id='word_1_45' title='bbox 307 793 378 839; x_wconf 88' lang='lat' dir='ltr'><strong>cura</strong></span> <span class='ocrx_word' id='word_1_46' title='bbox 401 773 470 860; x_wconf 87' lang='lat' dir='ltr'><strong>quis</strong></span> <span class='ocrx_word' id='word_1_47' title='bbox 491 771 613 838; x_wconf 83' lang='lat' dir='ltr'><strong>iuratur</strong></span> <span class='ocrx_word' id='word_1_48' title='bbox 635 787 669 838; x_wconf 92' lang='lat' dir='ltr'><strong>ut</strong></span> <span class='ocrx_word' id='word_1_49' title='bbox 702 771 880 850; x_wconf 79' lang='lat' dir='ltr'><strong>fornicetur,</strong></span> <span class='ocrx_word' id='word_1_50' title='bbox 914 785 999 838; x_wconf 85' lang='lat' dir='ltr'><strong>actus</strong></span> <span class='ocrx_word' id='word_1_51' title='bbox 1029 771 1158 858; x_wconf 84' lang='lat' dir='ltr'><strong>quidem</strong></span> 
     </span>
     <span class='ocr_line' id='line_1_8' title="bbox 238 859 1160 948; baseline -0.001 -22"><span class='ocrx_word' id='word_1_52' title='bbox 238 862 410 928; x_wconf 87' lang='lat' dir='ltr'><strong>secundum</strong></span> <span class='ocrx_word' id='word_1_53' title='bbox 449 862 597 948; x_wconf 85' lang='lat' dir='ltr'><strong>speciem·</strong></span> <span class='ocrx_word' id='word_1_54' title='bbox 624 881 712 926; x_wconf 84' lang='lat' dir='ltr'><strong>suam</strong></span> <span class='ocrx_word' id='word_1_55' title='bbox 736 875 782 926; x_wconf 87' lang='lat' dir='ltr'><strong>est</strong></span> <span class='ocrx_word' id='word_1_56' title='bbox 805 861 961 940; x_wconf 86' lang='lat' dir='ltr'><strong>avaritiae,</strong></span> <span class='ocrx_word' id='word_1_57' title='bbox 984 859 1160 926; x_wconf 85' lang='lat' dir='ltr'><strong>secundum</strong></span> 
     </span>
     <span class='ocr_line' id='line_1_9' title="bbox 239 949 1160 1034; baseline -0.001 -20"><span class='ocrx_word' id='word_1_58' title='bbox 239 950 441 1034; x_wconf 87' lang='lat' dir='ltr'><strong>intentionem</strong></span> <span class='ocrx_word' id='word_1_59' title='bbox 465 969 538 1016; x_wconf 82' lang='lat' dir='ltr'><strong>vero</strong></span> <span class='ocrx_word' id='word_1_60' title='bbox 568 951 717 1028; x_wconf 72' lang='lat' dir='ltr'><strong>luxuriae.</strong></span> <span class='ocrx_word' id='word_1_61' title='bbox 742 950 857 1016; x_wconf 83' lang='lat' dir='ltr'><strong>Eodem</strong></span> <span class='ocrx_word' id='word_1_62' title='bbox 881 964 984 1016; x_wconf 86' lang='lat' dir='ltr'><strong>nutem</strong></span> <span class='ocrx_word' id='word_1_63' title='bbox 1008 949 1160 1015; x_wconf 89' lang='lat' dir='ltr'><strong>modoet</strong></span> 
     </span>
     <span class='ocr_line' id='line_1_10' title="bbox 239 1035 1158 1124; baseline 0 -22"><span class='ocrx_word' id='word_1_64' title='bbox 239 1035 456 1105; x_wconf 77' lang='lat' dir='ltr'><strong>invirtutibus</strong></span> <span class='ocrx_word' id='word_1_65' title='bbox 479 1039 627 1124; x_wconf 77' lang='lat' dir='ltr'><strong>contingit</strong></span> <span class='ocrx_word' id='word_1_66' title='bbox 661 1038 745 1124; x_wconf 88' lang='lat' dir='ltr'><strong>quod</strong></span> <span class='ocrx_word' id='word_1_67' title='bbox 769 1051 868 1105; x_wconf 45' lang='lat' dir='ltr'><strong>*actus</strong></span> <span class='ocrx_word' id='word_1_68' title='bbox 906 1041 998 1105; x_wconf 74' lang='lat' dir='ltr'><strong>nnin‘s</strong></span> <span class='ocrx_word' id='word_1_69' title='bbox 1036 1039 1158 1103; x_wconf 78' lang='lat' dir='ltr'><strong>virtutis</strong></span> 
     </span>
     <span class='ocr_line' id='line_1_11' title="bbox 239 1126 1159 1214; baseline -0.001 -22"><span class='ocrx_word' id='word_1_70' title='bbox 239 1126 278 1192; x_wconf 89' lang='lat' dir='ltr'><strong>ad</strong></span> <span class='ocrx_word' id='word_1_71' title='bbox 301 1128 393 1192; x_wconf 88' lang='lat' dir='ltr'><strong>aliam</strong></span> <span class='ocrx_word' id='word_1_72' title='bbox 417 1128 559 1194; x_wconf 87' lang='lat' dir='ltr'><strong>virtutem</strong></span> <span class='ocrx_word' id='word_1_73' title='bbox 594 1127 768 1205; x_wconf 91' lang='lat' dir='ltr'><strong>ordinatur;</strong></span> <span class='ocrx_word' id='word_1_74' title='bbox 800 1128 888 1206; x_wconf 89' lang='lat' dir='ltr'><strong>sicut,</strong></span> <span class='ocrx_word' id='word_1_75' title='bbox 911 1147 982 1193; x_wconf 88' lang='lat' dir='ltr'><strong>cum</strong></span> <span class='ocrx_word' id='word_1_76' title='bbox 1006 1127 1076 1214; x_wconf 86' lang='lat' dir='ltr'><strong>quis</strong></span> <span class='ocrx_word' id='word_1_77' title='bbox 1106 1126 1159 1191; x_wconf 84' lang='lat' dir='ltr'><strong>dat</strong></span> 
     </span>
     <span class='ocr_line' id='line_1_12' title="bbox 239 1216 1159 1294; baseline -0.001 -13"><span class='ocrx_word' id='word_1_78' title='bbox 239 1237 294 1282; x_wconf 89' lang='lat' dir='ltr'><strong>sua</strong></span> <span class='ocrx_word' id='word_1_79' title='bbox 317 1229 351 1281; x_wconf 89' lang='lat' dir='ltr'><strong>ut</strong></span> <span class='ocrx_word' id='word_1_80' title='bbox 373 1237 444 1282; x_wconf 87' lang='lat' dir='ltr'><strong>cum</strong></span> <span class='ocrx_word' id='word_1_81' title='bbox 468 1216 564 1282; x_wconf 85' lang='lat' dir='ltr'><strong>altero</strong></span> <span class='ocrx_word' id='word_1_82' title='bbox 587 1216 753 1282; x_wconf 87' lang='lat' dir='ltr'><strong>amicitiam</strong></span> <span class='ocrx_word' id='word_1_83' title='bbox 770 1217 883 1282; x_wconf 90' lang='lat' dir='ltr'><strong>babeat</strong></span> <span class='ocrx_word' id='word_1_84' title='bbox 893 1216 1058 1294; x_wconf 78' lang='lat' dir='ltr'><strong>charitatis,</strong></span> <span class='ocrx_word' id='word_1_85' title='bbox 1073 1230 1159 1281; x_wconf 89' lang='lat' dir='ltr'><strong>actus</strong></span> 
     </span>
     <span class='ocr_line' id='line_1_13' title="bbox 240 1305 1159 1392; baseline 0.003 -26"><span class='ocrx_word' id='word_1_86' title='bbox 240 1305 364 1391; x_wconf 78' lang='lat' dir='ltr'><strong>quidem</strong></span> <span class='ocrx_word' id='word_1_87' title='bbox 387 1326 422 1370; x_wconf 85' lang='lat' dir='ltr'><strong>ex</strong></span> <span class='ocrx_word' id='word_1_88' title='bbox 446 1326 500 1370; x_wconf 90' lang='lat' dir='ltr'><strong>sua</strong></span> <span class='ocrx_word' id='word_1_89' title='bbox 524 1305 625 1392; x_wconf 87' lang='lat' dir='ltr'><strong>specie</strong></span> <span class='ocrx_word' id='word_1_90' title='bbox 647 1319 693 1370; x_wconf 89' lang='lat' dir='ltr'><strong>est</strong></span> <span class='ocrx_word' id='word_1_91' title='bbox 708 1305 906 1374; x_wconf 77' lang='lat' dir='ltr'><strong>liberalitatis.</strong></span> <span class='ocrx_word' id='word_1_92' title='bbox 921 1325 958 1370; x_wconf 83' lang='lat' dir='ltr'><strong>ex</strong></span> <span class='ocrx_word' id='word_1_93' title='bbox 975 1305 1037 1370; x_wconf 86' lang='lat' dir='ltr'><strong>line</strong></span> <span class='ocrx_word' id='word_1_94' title='bbox 1052 1317 1159 1369; x_wconf 75' lang='lat' dir='ltr'><strong>auten</strong></span> 
     </span>
     <span class='ocr_line' id='line_1_14' title="bbox 239 1392 1159 1479; baseline -0.001 -20"><span class='ocrx_word' id='word_1_95' title='bbox 239 1395 403 1460; x_wconf 84' lang='lat' dir='ltr'><strong>charitatis.</strong></span> <span class='ocrx_word' id='word_1_96' title='bbox 427 1392 737 1479; x_wconf 68' lang='lat' dir='ltr'><strong>Hujusnrodi&#39;autem</strong></span> <span class='ocrx_word' id='word_1_97' title='bbox 760 1407 844 1459; x_wconf 88' lang='lat' dir='ltr'><strong>actus</strong></span> <span class='ocrx_word' id='word_1_98' title='bbox 860 1393 1010 1479; x_wconf 87' lang='lat' dir='ltr'><strong>majorem</strong></span> <span class='ocrx_word' id='word_1_99' title='bbox 1032 1393 1159 1458; x_wconf 89' lang='lat' dir='ltr'><strong>laudern</strong></span> 
     </span>
     <span class='ocr_line' id='line_1_15' title="bbox 240 1483 1160 1568; baseline -0.001 -21"><span class='ocrx_word' id='word_1_100' title='bbox 240 1483 332 1549; x_wconf 90' lang='lat' dir='ltr'><strong>habet</strong></span> <span class='ocrx_word' id='word_1_101' title='bbox 355 1503 392 1547; x_wconf 86' lang='lat' dir='ltr'><strong>ex</strong></span> <span class='ocrx_word' id='word_1_102' title='bbox 415 1503 522 1548; x_wconf 89' lang='lat' dir='ltr'><strong>amore</strong></span> <span class='ocrx_word' id='word_1_103' title='bbox 544 1483 672 1561; x_wconf 87' lang='lat' dir='ltr'><strong>virtutis,</strong></span> <span class='ocrx_word' id='word_1_104' title='bbox 696 1483 810 1555; x_wconf 85' lang='lat' dir='ltr'><strong>scilieet</strong></span> <span class='ocrx_word' id='word_1_105' title='bbox 832 1502 869 1548; x_wconf 85' lang='lat' dir='ltr'><strong>ex</strong></span> <span class='ocrx_word' id='word_1_106' title='bbox 885 1483 1042 1560; x_wconf 80' lang='lat' dir='ltr'><strong>charitate,</strong></span> <span class='ocrx_word' id='word_1_107' title='bbox 1065 1501 1160 1568; x_wconf 85' lang='lat' dir='ltr'><strong>quarn</strong></span> 
     </span>
     <span class='ocr_line' id='line_1_16' title="bbox 240 1570 1160 1656; baseline 0.007 -22"><span class='ocrx_word' id='word_1_108' title='bbox 240 1592 278 1635; x_wconf 87' lang='lat' dir='ltr'><strong>ex</strong></span> <span class='ocrx_word' id='word_1_109' title='bbox 301 1571 490 1649; x_wconf 68' lang='lat' dir='ltr'><strong>liberalitate</strong></span> <span class='ocrx_word' id='word_1_110' title='bbox 514 1571 606 1652; x_wconf 81' lang='lat' dir='ltr'><strong>unde,</strong></span> <span class='ocrx_word' id='word_1_111' title='bbox 629 1571 685 1636; x_wconf 88' lang='lat' dir='ltr'><strong>etsi</strong></span> <span class='ocrx_word' id='word_1_112' title='bbox 719 1573 891 1638; x_wconf 81' lang='lat' dir='ltr'><strong>remittatur</strong></span> <span class='ocrx_word' id='word_1_113' title='bbox 927 1572 958 1636; x_wconf 90' lang='lat' dir='ltr'><strong>io</strong></span> <span class='ocrx_word' id='word_1_114' title='bbox 996 1591 1034 1637; x_wconf 88' lang='lat' dir='ltr'><strong>eo</strong></span> <span class='ocrx_word' id='word_1_115' title='bbox 1074 1570 1160 1656; x_wconf 88' lang='lat' dir='ltr'><strong>quod</strong></span> 
     </span>
     <span class='ocr_line' id='line_1_17' title="bbox 239 1659 1161 1746; baseline 0.001 -22"><span class='ocrx_word' id='word_1_116' title='bbox 239 1659 426 1726; x_wconf 86' lang='lat' dir='ltr'><strong>liberalitatis</strong></span> <span class='ocrx_word' id='word_1_117' title='bbox 449 1673 506 1737; x_wconf 88' lang='lat' dir='ltr'><strong>est,</strong></span> <span class='ocrx_word' id='word_1_118' title='bbox 528 1680 565 1725; x_wconf 83' lang='lat' dir='ltr'><strong>ex</strong></span> <span class='ocrx_word' id='word_1_119' title='bbox 588 1681 626 1726; x_wconf 93' lang='lat' dir='ltr'><strong>eo</strong></span> <span class='ocrx_word' id='word_1_120' title='bbox 650 1661 732 1746; x_wconf 89' lang='lat' dir='ltr'><strong>quod</strong></span> <span class='ocrx_word' id='word_1_121' title='bbox 755 1660 795 1725; x_wconf 91' lang='lat' dir='ltr'><strong>ad</strong></span> <span class='ocrx_word' id='word_1_122' title='bbox 828 1661 1005 1726; x_wconf 89' lang='lat' dir='ltr'><strong>charitatem</strong></span> <span class='ocrx_word' id='word_1_123' title='bbox 1033 1659 1161 1725; x_wconf 92' lang='lat' dir='ltr'><strong>ordina·</strong></span> 
     </span>
     <span class='ocr_line' id='line_1_18' title="bbox 242 1748 1160 1835; baseline 0.002 -23"><span class='ocrx_word' id='word_1_124' title='bbox 242 1763 292 1812; x_wconf 87' lang='lat' dir='ltr'><strong>tur</strong></span> <span class='ocrx_word' id='word_1_125' title='bbox 315 1749 498 1815; x_wconf 89' lang='lat' dir='ltr'><strong>laudabilior</strong></span> <span class='ocrx_word' id='word_1_126' title='bbox 521 1762 551 1814; x_wconf 91' lang='lat' dir='ltr'><strong>et</strong></span> <span class='ocrx_word' id='word_1_127' title='bbox 574 1748 684 1834; x_wconf 86' lang='lat' dir='ltr'><strong>majori</strong></span> <span class='ocrx_word' id='word_1_128' title='bbox 707 1750 852 1816; x_wconf 82' lang='lat' dir='ltr'><strong>mercede</strong></span> <span class='ocrx_word' id='word_1_129' title='bbox 868 1750 979 1834; x_wconf 76' lang='lat' dir='ltr'><strong>dignus</strong></span> <span class='ocrx_word' id='word_1_130' title='bbox 996 1750 1054 1814; x_wconf 92' lang='lat' dir='ltr'><strong>erit</strong></span> <span class='ocrx_word' id='word_1_131' title='bbox 1066 1769 1160 1835; x_wconf 72' lang='lat' dir='ltr'><strong>qtrnm</strong></span> 
     </span>
     <span class='ocr_line' id='line_1_19' title="bbox 240 1837 1159 1924; baseline 0.001 -23"><span class='ocrx_word' id='word_1_132' title='bbox 240 1837 265 1901; x_wconf 86' lang='lat' dir='ltr'><strong>si</strong></span> <span class='ocrx_word' id='word_1_133' title='bbox 288 1837 444 1904; x_wconf 89' lang='lat' dir='ltr'><strong>liberalius</strong></span> <span class='ocrx_word' id='word_1_134' title='bbox 468 1851 621 1924; x_wconf 79' lang='lat' dir='ltr'><strong>ageretur,</strong></span> <span class='ocrx_word' id='word_1_135' title='bbox 644 1857 708 1904; x_wconf 90' lang='lat' dir='ltr'><strong>non</strong></span> <span class='ocrx_word' id='word_1_136' title='bbox 731 1839 761 1903; x_wconf 89' lang='lat' dir='ltr'><strong>in</strong></span> <span class='ocrx_word' id='word_1_137' title='bbox 785 1837 894 1904; x_wconf 88' lang='lat' dir='ltr'><strong>ordine</strong></span> <span class='ocrx_word' id='word_1_138' title='bbox 911 1837 949 1902; x_wconf 92' lang='lat' dir='ltr'><strong>ad</strong></span> <span class='ocrx_word' id='word_1_139' title='bbox 966 1838 1159 1903; x_wconf 85' lang='lat' dir='ltr'><strong>charitatem.</strong></span> 
     </span>
     <span class='ocr_line' id='line_1_20' title="bbox 241 1925 1162 2016; baseline 0.003 -27"><span class='ocrx_word' id='word_1_140' title='bbox 241 1925 398 1992; x_wconf 86' lang='lat' dir='ltr'><strong>Ponamus</strong></span> <span class='ocrx_word' id='word_1_141' title='bbox 421 1945 496 2011; x_wconf 77' lang='lat' dir='ltr'><strong>ergo</strong></span> <span class='ocrx_word' id='word_1_142' title='bbox 520 1927 655 2013; x_wconf 87' lang='lat' dir='ltr'><strong>aliquem</strong></span> <span class='ocrx_word' id='word_1_143' title='bbox 680 1948 756 2016; x_wconf 85' lang='lat' dir='ltr'><strong>opus</strong></span> <span class='ocrx_word' id='word_1_144' title='bbox 772 1927 898 2013; x_wconf 88' lang='lat' dir='ltr'><strong>aliquod</strong></span> <span class='ocrx_word' id='word_1_145' title='bbox 921 1927 1038 1992; x_wconf 82' lang='lat' dir='ltr'><strong>virtutis</strong></span> <span class='ocrx_word' id='word_1_146' title='bbox 1068 1946 1162 2012; x_wconf 78' lang='lat' dir='ltr'><strong>agen-</strong></span> 
     </span>
     <span class='ocr_line' id='line_1_21' title="bbox 240 2014 1159 2102; baseline 0.004 -26"><span class='ocrx_word' id='word_1_147' title='bbox 240 2029 314 2091; x_wconf 82' lang='lat' dir='ltr'><strong>renr,</strong></span> <span class='ocrx_word' id='word_1_148' title='bbox 337 2027 409 2101; x_wconf 88' lang='lat' dir='ltr'><strong>puta</strong></span> <span class='ocrx_word' id='word_1_149' title='bbox 431 2014 622 2102; x_wconf 82' lang='lat' dir='ltr'><strong>jejunantem</strong></span> <span class='ocrx_word' id='word_1_150' title='bbox 639 2015 687 2081; x_wconf 83' lang='lat' dir='ltr'><strong>rel</strong></span> <span class='ocrx_word' id='word_1_151' title='bbox 703 2017 912 2082; x_wconf 88' lang='lat' dir='ltr'><strong>continentem</strong></span> <span class='ocrx_word' id='word_1_152' title='bbox 925 2033 959 2080; x_wconf 89' lang='lat' dir='ltr'><strong>se</strong></span> <span class='ocrx_word' id='word_1_153' title='bbox 975 2036 992 2080; x_wconf 89' lang='lat' dir='ltr'><strong>a</strong></span> <span class='ocrx_word' id='word_1_154' title='bbox 1009 2017 1159 2090; x_wconf 69' lang='lat' dir='ltr'><strong>venereis</strong></span> 
     </span>
     <span class='ocr_line' id='line_1_22' title="bbox 240 2103 1160 2190; baseline 0.002 -24"><span class='ocrx_word' id='word_1_155' title='bbox 240 2115 271 2167; x_wconf 91' lang='lat' dir='ltr'><strong>et</strong></span> <span class='ocrx_word' id='word_1_156' title='bbox 293 2103 431 2190; x_wconf 87' lang='lat' dir='ltr'><strong>quidem,</strong></span> <span class='ocrx_word' id='word_1_157' title='bbox 453 2105 478 2170; x_wconf 87' lang='lat' dir='ltr'><strong>si</strong></span> <span class='ocrx_word' id='word_1_158' title='bbox 502 2103 620 2190; x_wconf 89' lang='lat' dir='ltr'><strong>absque</strong></span> <span class='ocrx_word' id='word_1_159' title='bbox 636 2117 707 2170; x_wconf 87' lang='lat' dir='ltr'><strong>voto</strong></span> <span class='ocrx_word' id='word_1_160' title='bbox 731 2106 791 2170; x_wconf 89' lang='lat' dir='ltr'><strong>hoo</strong></span> <span class='ocrx_word' id='word_1_161' title='bbox 813 2103 913 2183; x_wconf 82' lang='lat' dir='ltr'><strong>faciat,</strong></span> <span class='ocrx_word' id='word_1_162' title='bbox 936 2104 1092 2170; x_wconf 85' lang='lat' dir='ltr'><strong>eritaetus</strong></span> <span class='ocrx_word' id='word_1_163' title='bbox 1115 2103 1160 2170; x_wconf 88' lang='lat' dir='ltr'><strong>rel</strong></span> 
     </span>
     <span class='ocr_line' id='line_1_23' title="bbox 241 2192 1161 2271; baseline -0.001 -14"><span class='ocrx_word' id='word_1_164' title='bbox 241 2194 384 2258; x_wconf 85' lang='lat' dir='ltr'><strong>eastitatis</strong></span> <span class='ocrx_word' id='word_1_165' title='bbox 407 2193 455 2259; x_wconf 83' lang='lat' dir='ltr'><strong>rel</strong></span> <span class='ocrx_word' id='word_1_166' title='bbox 479 2193 740 2271; x_wconf 73' lang='lat' dir='ltr'><strong>abstinentiae31i</strong></span> <span class='ocrx_word' id='word_1_167' title='bbox 765 2209 867 2259; x_wconf 87' lang='lat' dir='ltr'><strong>autern</strong></span> <span class='ocrx_word' id='word_1_168' title='bbox 881 2213 918 2258; x_wconf 88' lang='lat' dir='ltr'><strong>err</strong></span> <span class='ocrx_word' id='word_1_169' title='bbox 935 2207 1017 2266; x_wconf 84' lang='lat' dir='ltr'><strong>roto,</strong></span> <span class='ocrx_word' id='word_1_170' title='bbox 1028 2192 1161 2258; x_wconf 78' lang='lat' dir='ltr'><strong>refertur</strong></span> 
     </span>
     <span class='ocr_line' id='line_1_24' title="bbox 240 2281 1158 2368; baseline -0.001 -22"><span class='ocrx_word' id='word_1_171' title='bbox 240 2282 366 2348; x_wconf 87' lang='lat' dir='ltr'><strong>ulterius</strong></span> <span class='ocrx_word' id='word_1_172' title='bbox 388 2283 427 2347; x_wconf 87' lang='lat' dir='ltr'><strong>ad</strong></span> <span class='ocrx_word' id='word_1_173' title='bbox 443 2282 534 2347; x_wconf 87' lang='lat' dir='ltr'><strong>aliam</strong></span> <span class='ocrx_word' id='word_1_174' title='bbox 550 2283 706 2358; x_wconf 82' lang='lat' dir='ltr'><strong>virtutem,</strong></span> <span class='ocrx_word' id='word_1_175' title='bbox 723 2281 809 2368; x_wconf 78' lang='lat' dir='ltr'><strong>cujus</strong></span> <span class='ocrx_word' id='word_1_176' title='bbox 825 2295 871 2348; x_wconf 91' lang='lat' dir='ltr'><strong>est</strong></span> <span class='ocrx_word' id='word_1_177' title='bbox 886 2282 953 2346; x_wconf 88' lang='lat' dir='ltr'><strong>Deo</strong></span> <span class='ocrx_word' id='word_1_178' title='bbox 975 2281 1092 2368; x_wconf 89' lang='lat' dir='ltr'><strong>aliquid</strong></span> <span class='ocrx_word' id='word_1_179' title='bbox 1105 2301 1158 2346; x_wconf 86' lang='lat' dir='ltr'><strong>ro·</strong></span> 
     </span>
     <span class='ocr_line' id='line_1_25' title="bbox 240 2371 1161 2458; baseline 0.003 -27"><span class='ocrx_word' id='word_1_180' title='bbox 240 2390 322 2446; x_wconf 87' lang='lat' dir='ltr'><strong>vere,</strong></span> <span class='ocrx_word' id='word_1_181' title='bbox 335 2371 448 2436; x_wconf 88' lang='lat' dir='ltr'><strong>scilicet</strong></span> <span class='ocrx_word' id='word_1_182' title='bbox 463 2371 503 2436; x_wconf 89' lang='lat' dir='ltr'><strong>sd</strong></span> <span class='ocrx_word' id='word_1_183' title='bbox 515 2371 708 2456; x_wconf 76' lang='lat' dir='ltr'><strong>religionem,</strong></span> <span class='ocrx_word' id='word_1_184' title='bbox 730 2391 809 2458; x_wconf 85' lang='lat' dir='ltr'><strong>quae</strong></span> <span class='ocrx_word' id='word_1_185' title='bbox 833 2372 934 2458; x_wconf 83' lang='lat' dir='ltr'><strong>potior</strong></span> <span class='ocrx_word' id='word_1_186' title='bbox 956 2383 1002 2436; x_wconf 87' lang='lat' dir='ltr'><strong>est</strong></span> <span class='ocrx_word' id='word_1_187' title='bbox 1023 2371 1161 2436; x_wconf 85' lang='lat' dir='ltr'><strong>castitate</strong></span> 
     </span>
     <span class='ocr_line' id='line_1_26' title="bbox 236 2457 1240 2547; baseline 0.002 -24"><span class='ocrx_word' id='word_1_188' title='bbox 236 2460 290 2524; x_wconf 76' lang='lat' dir='ltr'><strong>uel</strong></span> <span class='ocrx_word' id='word_1_189' title='bbox 313 2459 507 2538; x_wconf 89' lang='lat' dir='ltr'><strong>abstinentia,</strong></span> <span class='ocrx_word' id='word_1_190' title='bbox 522 2473 628 2547; x_wconf 84' lang='lat' dir='ltr'><strong>utpote</strong></span> <span class='ocrx_word' id='word_1_191' title='bbox 650 2459 763 2526; x_wconf 82' lang='lat' dir='ltr'><strong>iaciens</strong></span> <span class='ocrx_word' id='word_1_192' title='bbox 785 2479 842 2525; x_wconf 90' lang='lat' dir='ltr'><strong>nos</strong></span> <span class='ocrx_word' id='word_1_193' title='bbox 865 2473 947 2525; x_wconf 87' lang='lat' dir='ltr'><strong>reete</strong></span> <span class='ocrx_word' id='word_1_194' title='bbox 982 2459 1099 2524; x_wconf 90' lang='lat' dir='ltr'><strong>babere</strong></span> <span class='ocrx_word' id='word_1_195' title='bbox 1121 2457 1161 2522; x_wconf 87' lang='lat' dir='ltr'><strong>ad</strong></span> <span class='ocrx_word' id='word_1_196' title='bbox 1239 2499 1240 2525; x_wconf 73' lang='lat' dir='ltr'><strong>t</strong></span> 
     </span>
     <span class='ocr_line' id='line_1_27' title="bbox 241 2547 1162 2633; baseline -0.001 -21"><span class='ocrx_word' id='word_1_197' title='bbox 241 2547 352 2614; x_wconf 81' lang='lat' dir='ltr'><strong>Deum.</strong></span> <span class='ocrx_word' id='word_1_198' title='bbox 370 2548 431 2615; x_wconf 81' lang='lat' dir='ltr'><strong>Erit</strong></span> <span class='ocrx_word' id='word_1_199' title='bbox 454 2569 528 2633; x_wconf 81' lang='lat' dir='ltr'><strong>ergo</strong></span> <span class='ocrx_word' id='word_1_200' title='bbox 551 2563 637 2615; x_wconf 90' lang='lat' dir='ltr'><strong>actus</strong></span> <span class='ocrx_word' id='word_1_201' title='bbox 659 2549 864 2616; x_wconf 88' lang='lat' dir='ltr'><strong>continentiae</strong></span> <span class='ocrx_word' id='word_1_202' title='bbox 887 2547 936 2613; x_wconf 91' lang='lat' dir='ltr'><strong>vel</strong></span> <span class='ocrx_word' id='word_1_203' title='bbox 958 2547 1162 2613; x_wconf 84' lang='lat' dir='ltr'><strong>abstinentiae</strong></span> 
     </span>
     <span class='ocr_line' id='line_1_28' title="bbox 241 2636 1161 2723; baseline -0.002 -21"><span class='ocrx_word' id='word_1_204' title='bbox 241 2637 423 2703; x_wconf 87' lang='lat' dir='ltr'><strong>laudabilior</strong></span> <span class='ocrx_word' id='word_1_205' title='bbox 435 2639 464 2702; x_wconf 90' lang='lat' dir='ltr'><strong>io</strong></span> <span class='ocrx_word' id='word_1_206' title='bbox 482 2657 519 2702; x_wconf 89' lang='lat' dir='ltr'><strong>eo</strong></span> <span class='ocrx_word' id='word_1_207' title='bbox 542 2638 625 2723; x_wconf 90' lang='lat' dir='ltr'><strong>quod</strong></span> <span class='ocrx_word' id='word_1_208' title='bbox 648 2657 685 2706; x_wconf 85' lang='lat' dir='ltr'><strong>ex</strong></span> <span class='ocrx_word' id='word_1_209' title='bbox 701 2650 770 2702; x_wconf 88' lang='lat' dir='ltr'><strong>roto</strong></span> <span class='ocrx_word' id='word_1_210' title='bbox 793 2636 874 2715; x_wconf 88' lang='lat' dir='ltr'><strong>iacit,</strong></span> <span class='ocrx_word' id='word_1_211' title='bbox 891 2638 981 2701; x_wconf 89' lang='lat' dir='ltr'><strong>etiarn</strong></span> <span class='ocrx_word' id='word_1_212' title='bbox 1004 2638 1029 2701; x_wconf 90' lang='lat' dir='ltr'><strong>si</strong></span> <span class='ocrx_word' id='word_1_213' title='bbox 1042 2657 1106 2702; x_wconf 92' lang='lat' dir='ltr'><strong>nnn</strong></span> <span class='ocrx_word' id='word_1_214' title='bbox 1120 2636 1161 2700; x_wconf 88' lang='lat' dir='ltr'><strong>itn</strong></span> 
     </span>
     <span class='ocr_line' id='line_1_29' title="bbox 240 2723 1239 2812; baseline 0.003 -21"><span class='ocrx_word' id='word_1_215' title='bbox 240 2727 410 2792; x_wconf 84' lang='lat' dir='ltr'><strong>delectetur</strong></span> <span class='ocrx_word' id='word_1_216' title='bbox 424 2727 454 2790; x_wconf 89' lang='lat' dir='ltr'><strong>in</strong></span> <span class='ocrx_word' id='word_1_217' title='bbox 479 2725 659 2792; x_wconf 89' lang='lat' dir='ltr'><strong>abstinentia</strong></span> <span class='ocrx_word' id='word_1_218' title='bbox 682 2726 729 2792; x_wconf 85' lang='lat' dir='ltr'><strong>vel</strong></span> <span class='ocrx_word' id='word_1_219' title='bbox 751 2725 997 2803; x_wconf 68' lang='lat' dir='ltr'><strong>continentiaex</strong></span> <span class='ocrx_word' id='word_1_220' title='bbox 1015 2744 1053 2790; x_wconf 89' lang='lat' dir='ltr'><strong>eo</strong></span> <span class='ocrx_word' id='word_1_221' title='bbox 1076 2723 1161 2812; x_wconf 87' lang='lat' dir='ltr'><strong>quod</strong></span> <span class='ocrx_word' id='word_1_222' title='bbox 1238 2789 1239 2794; x_wconf 75' lang='grc'>,</span> 
     </span>
     <span class='ocr_line' id='line_1_30' title="bbox 241 2813 1082 2902; baseline -0.001 -23"><span class='ocrx_word' id='word_1_223' title='bbox 241 2815 409 2880; x_wconf 89' lang='lat' dir='ltr'><strong>delectatur</strong></span> <span class='ocrx_word' id='word_1_224' title='bbox 445 2815 475 2880; x_wconf 87' lang='lat' dir='ltr'><strong>in</strong></span> <span class='ocrx_word' id='word_1_225' title='bbox 514 2815 624 2902; x_wconf 86' lang='lat' dir='ltr'><strong>potiori</strong></span> <span class='ocrx_word' id='word_1_226' title='bbox 648 2817 770 2895; x_wconf 89' lang='lat' dir='ltr'><strong>virtute,</strong></span> <span class='ocrx_word' id='word_1_227' title='bbox 792 2835 872 2901; x_wconf 88' lang='lat' dir='ltr'><strong>quae</strong></span> <span class='ocrx_word' id='word_1_228' title='bbox 894 2827 940 2879; x_wconf 88' lang='lat' dir='ltr'><strong>est</strong></span> <span class='ocrx_word' id='word_1_229' title='bbox 962 2813 1082 2898; x_wconf 78' lang='lat' dir='ltr'><strong>religio.</strong></span> 
     </span>
     <span class='ocr_line' id='line_1_31' title="bbox 307 2901 1163 2990; baseline 0 -24"><span class='ocrx_word' id='word_1_230' title='bbox 307 2901 393 2980; x_wconf 86' lang='lat' dir='ltr'><strong>item,</strong></span> <span class='ocrx_word' id='word_1_231' title='bbox 420 2902 452 2967; x_wconf 94' lang='lat' dir='ltr'><strong>ld</strong></span> <span class='ocrx_word' id='word_1_232' title='bbox 476 2903 560 2990; x_wconf 90' lang='lat' dir='ltr'><strong>quod</strong></span> <span class='ocrx_word' id='word_1_233' title='bbox 583 2904 777 2990; x_wconf 83' lang='lat' dir='ltr'><strong>potissimum</strong></span> <span class='ocrx_word' id='word_1_234' title='bbox 816 2916 863 2969; x_wconf 89' lang='lat' dir='ltr'><strong>est</strong></span> <span class='ocrx_word' id='word_1_235' title='bbox 904 2903 935 2968; x_wconf 90' lang='lat' dir='ltr'><strong>in</strong></span> <span class='ocrx_word' id='word_1_236' title='bbox 970 2902 1084 2968; x_wconf 88' lang='lat' dir='ltr'><strong>virtute</strong></span> <span class='ocrx_word' id='word_1_237' title='bbox 1117 2911 1163 2966; x_wconf 84' lang='lat' dir='ltr'><strong>est</strong></span> 
     </span>
     <span class='ocr_line' id='line_1_32' title="bbox 239 2989 1160 3079; baseline -0.002 -23"><span class='ocrx_word' id='word_1_238' title='bbox 239 2990 360 3057; x_wconf 89' lang='lat' dir='ltr'><strong>debitus</strong></span> <span class='ocrx_word' id='word_1_239' title='bbox 384 2992 462 3070; x_wconf 84' lang='lat' dir='ltr'><strong>tinis3</strong></span> <span class='ocrx_word' id='word_1_240' title='bbox 489 3013 560 3058; x_wconf 90' lang='lat' dir='ltr'><strong>narn</strong></span> <span class='ocrx_word' id='word_1_241' title='bbox 585 3012 622 3058; x_wconf 86' lang='lat' dir='ltr'><strong>ex</strong></span> <span class='ocrx_word' id='word_1_242' title='bbox 645 2993 708 3058; x_wconf 85' lang='lat' dir='ltr'><strong>fine</strong></span> <span class='ocrx_word' id='word_1_243' title='bbox 731 2992 940 3079; x_wconf 87' lang='lat' dir='ltr'><strong>principaliter</strong></span> <span class='ocrx_word' id='word_1_244' title='bbox 971 2991 1050 3057; x_wconf 89' lang='lat' dir='ltr'><strong>ratio</strong></span> <span class='ocrx_word' id='word_1_245' title='bbox 1084 2989 1160 3056; x_wconf 89' lang='lat' dir='ltr'><strong>boni</strong></span> 
     </span>
     <span class='ocr_line' id='line_1_33' title="bbox 241 3073 1238 3166; baseline -0.002 -22"><span class='ocrx_word' id='word_1_246' title='bbox 241 3095 354 3146; x_wconf 86' lang='lat' dir='ltr'><strong>manat.</strong></span> <span class='ocrx_word' id='word_1_247' title='bbox 378 3081 409 3146; x_wconf 91' lang='lat' dir='ltr'><strong>Si</strong></span> <span class='ocrx_word' id='word_1_248' title='bbox 433 3101 508 3166; x_wconf 80' lang='lat' dir='ltr'><strong>ergo</strong></span> <span class='ocrx_word' id='word_1_249' title='bbox 532 3081 601 3146; x_wconf 88' lang='lat' dir='ltr'><strong>finis</strong></span> <span class='ocrx_word' id='word_1_250' title='bbox 625 3080 717 3148; x_wconf 85' lang='lat' dir='ltr'><strong>luerit</strong></span> <span class='ocrx_word' id='word_1_251' title='bbox 740 3081 938 3154; x_wconf 83' lang='lat' dir='ltr'><strong>eminentior,</strong></span> <span class='ocrx_word' id='word_1_252' title='bbox 961 3081 1054 3145; x_wconf 88' lang='lat' dir='ltr'><strong>etism</strong></span> <span class='ocrx_word' id='word_1_253' title='bbox 1077 3080 1103 3144; x_wconf 87' lang='lat' dir='ltr'><strong>si</strong></span> <span class='ocrx_word' id='word_1_254' title='bbox 1129 3079 1159 3143; x_wconf 91' lang='lat' dir='ltr'><strong>in</strong></span> <span class='ocrx_word' id='word_1_255' title='bbox 1237 3073 1238 3089; x_wconf 59' lang='lat'>¹</span> 
     </span>
     <span class='ocr_line' id='line_1_34' title="bbox 239 3168 1158 3256; baseline -0.003 -22"><span class='ocrx_word' id='word_1_256' title='bbox 239 3183 308 3234; x_wconf 87' lang='lat' dir='ltr'><strong>actu</strong></span> <span class='ocrx_word' id='word_1_257' title='bbox 332 3169 441 3256; x_wconf 88' lang='lat' dir='ltr'><strong>aliquis</strong></span> <span class='ocrx_word' id='word_1_258' title='bbox 456 3190 490 3235; x_wconf 91' lang='lat' dir='ltr'><strong>se</strong></span> <span class='ocrx_word' id='word_1_259' title='bbox 512 3170 673 3236; x_wconf 84' lang='lat' dir='ltr'><strong>remissius</strong></span> <span class='ocrx_word' id='word_1_260' title='bbox 697 3170 818 3248; x_wconf 86' lang='lat' dir='ltr'><strong>habeat,</strong></span> <span class='ocrx_word' id='word_1_261' title='bbox 834 3170 892 3235; x_wconf 90' lang='lat' dir='ltr'><strong>erit</strong></span> <span class='ocrx_word' id='word_1_262' title='bbox 907 3169 975 3254; x_wconf 86' lang='lat' dir='ltr'><strong>ejus</strong></span> <span class='ocrx_word' id='word_1_263' title='bbox 999 3181 1083 3234; x_wconf 86' lang='lat' dir='ltr'><strong>actus</strong></span> <span class='ocrx_word' id='word_1_264' title='bbox 1097 3168 1158 3231; x_wconf 85' lang='lat' dir='ltr'><strong>rir-</strong></span> 
     </span>
     <span class='ocr_line' id='line_1_35' title="bbox 240 3257 1161 3346; baseline -0.002 -24"><span class='ocrx_word' id='word_1_265' title='bbox 240 3259 366 3336; x_wconf 82' lang='lat' dir='ltr'><strong>tuosior3</strong></span> <span class='ocrx_word' id='word_1_266' title='bbox 390 3259 477 3337; x_wconf 89' lang='lat' dir='ltr'><strong>sieut,</strong></span> <span class='ocrx_word' id='word_1_267' title='bbox 507 3260 533 3324; x_wconf 88' lang='lat' dir='ltr'><strong>si</strong></span> <span class='ocrx_word' id='word_1_268' title='bbox 556 3257 664 3346; x_wconf 87' lang='lat' dir='ltr'><strong>aliquis</strong></span> <span class='ocrx_word' id='word_1_269' title='bbox 700 3271 852 3344; x_wconf 85' lang='lat' dir='ltr'><strong>proponat</strong></span> <span class='ocrx_word' id='word_1_270' title='bbox 884 3270 1011 3346; x_wconf 83' lang='lat' dir='ltr'><strong>propter</strong></span> <span class='ocrx_word' id='word_1_271' title='bbox 1043 3257 1161 3322; x_wconf 88' lang='lat' dir='ltr'><strong>bonum</strong></span> 
     </span>
     <span class='ocr_line' id='line_1_36' title="bbox 241 3345 1237 3433; baseline -0.001 -24"><span class='ocrx_word' id='word_1_272' title='bbox 241 3347 360 3412; x_wconf 87' lang='lat' dir='ltr'><strong>virtutis</strong></span> <span class='ocrx_word' id='word_1_273' title='bbox 384 3348 508 3433; x_wconf 77' lang='lat' dir='ltr'><strong>longam</strong></span> <span class='ocrx_word' id='word_1_274' title='bbox 546 3349 625 3413; x_wconf 88' lang='lat' dir='ltr'><strong>viam</strong></span> <span class='ocrx_word' id='word_1_275' title='bbox 650 3367 766 3433; x_wconf 80' lang='lat' dir='ltr'><strong>agere,</strong></span> <span class='ocrx_word' id='word_1_276' title='bbox 796 3348 874 3412; x_wconf 87' lang='lat' dir='ltr'><strong>alius</strong></span> <span class='ocrx_word' id='word_1_277' title='bbox 896 3360 999 3412; x_wconf 91' lang='lat' dir='ltr'><strong>autern</strong></span> <span class='ocrx_word' id='word_1_278' title='bbox 1023 3345 1161 3417; x_wconf 85' lang='lat' dir='ltr'><strong>brevem,</strong></span> <span class='ocrx_word' id='word_1_279' title='bbox 1236 3351 1237 3366; x_wconf 65' lang='lat'>¹</span> 
     </span>
     <span class='ocr_line' id='line_1_37' title="bbox 241 3435 1161 3522; baseline -0.007 -20"><span class='ocrx_word' id='word_1_280' title='bbox 241 3437 427 3502; x_wconf 89' lang='lat' dir='ltr'><strong>laudabilior</strong></span> <span class='ocrx_word' id='word_1_281' title='bbox 449 3437 508 3502; x_wconf 90' lang='lat' dir='ltr'><strong>erit</strong></span> <span class='ocrx_word' id='word_1_282' title='bbox 529 3438 582 3522; x_wconf 90' lang='lat' dir='ltr'><strong>qui</strong></span> <span class='ocrx_word' id='word_1_283' title='bbox 605 3436 706 3522; x_wconf 86' lang='lat' dir='ltr'><strong>majus</strong></span> <span class='ocrx_word' id='word_1_284' title='bbox 729 3435 845 3522; x_wconf 78' lang='lat' dir='ltr'><strong>aliquid</strong></span> <span class='ocrx_word' id='word_1_285' title='bbox 870 3447 995 3521; x_wconf 83' lang='lat' dir='ltr'><strong>propter</strong></span> <span class='ocrx_word' id='word_1_286' title='bbox 1016 3435 1161 3500; x_wconf 80' lang='lat' dir='ltr'><strong>virtutem</strong></span> 
     </span>
     <span class='ocr_line' id='line_1_38' title="bbox 245 3521 1161 3612; baseline -0.002 -23"><span class='ocrx_word' id='word_1_287' title='bbox 245 3523 385 3604; x_wconf 79' lang='lat' dir='ltr'><strong>intendit,</strong></span> <span class='ocrx_word' id='word_1_288' title='bbox 410 3525 482 3590; x_wconf 88' lang='lat' dir='ltr'><strong>lieet</strong></span> <span class='ocrx_word' id='word_1_289' title='bbox 503 3526 535 3590; x_wconf 93' lang='lat' dir='ltr'><strong>in</strong></span> <span class='ocrx_word' id='word_1_290' title='bbox 562 3543 728 3612; x_wconf 78' lang='lat' dir='ltr'><strong>progressu</strong></span> <span class='ocrx_word' id='word_1_291' title='bbox 763 3527 830 3590; x_wconf 85' lang='lat' dir='ltr'><strong>rinc</strong></span> <span class='ocrx_word' id='word_1_292' title='bbox 867 3523 968 3590; x_wconf 88' lang='lat' dir='ltr'><strong>lentus</strong></span> <span class='ocrx_word' id='word_1_293' title='bbox 1005 3521 1161 3612; x_wconf 89' lang='lat' dir='ltr'><strong>procedat.</strong></span> 
     </span>
    </p>
   </div>
   <div class='ocr_carea' id='block_1_2' title="bbox 0 0 1266 3968">
    <p class='ocr_par' dir='ltr' id='par_1_2' title="bbox 0 0 1266 3968">
     <span class='ocr_line' id='line_1_39' title="bbox 0 0 1266 3968; baseline 0 0"><span class='ocrx_word' id='word_1_294' title='bbox 0 0 1266 3968; x_wconf 95' lang='lat' dir='ltr'><strong> </strong></span> 
     </span>
    </p>
   </div>
  </div>
 </body>
</html>
