2372 3966
353 267 409 312 trs.
434 269 474 314 ιιι.
499 269 562 314 car.
586 269 663 314 xtra.
890 249 947 316 lll

74 336 160 403 Onnes
195 348 296 402 autem
331 337 448 422 specics
471 357 575 403 rerum
599 338 788 406 sensibilium
812 351 883 404 sunt
905 339 952 405 in·

71 427 179 492 tellectae
202 428 232 491 in
256 426 401 511 potentia.
425 426 468 492 td
488 428 547 492 boc
570 427 661 512 igitur
683 427 765 514 quod
783 428 952 494 intellectus

66 535 138 600 agens
160 514 320 601 copuletur
332 513 431 590 alicui,
447 530 568 600 oportet
581 516 664 600 quod
682 517 830 602 intelligat
841 519 872 582 in
884 531 953 582 actu

61 625 102 689 per
121 604 306 669 intellectum
330 604 550 689 speculativum
568 625 676 670 omnes
698 620 824 672 naturas
848 625 955 672 rerum

59 693 229 758 sensibilium
241 705 272 756 et
284 711 392 756 omnes
409 693 533 760 uirtutes
549 707 579 757 et
591 695 785 780 operationes
802 709 831 760 et
850 707 954 760 mutus

56 801 157 846 earum.
180 780 273 864 Quod
297 801 360 846 non
385 793 430 846 est
458 782 602 868 possibile
629 783 763 869 aliquem
798 784 957 851 bominem

54 872 118 935 scire
140 892 194 957 per
218 869 366 957 principia
389 870 586 936 scientiarum
610 873 878 959 speculativarum,
901 895 955 960 prr

54 979 116 1043 quas
138 979 301 1024 movemur
317 957 355 1024 ad
370 959 811 1028 continuationemintellectus
827 965 956 1048 agentis,

53 1063 79 1110 ut
98 1050 151 1126 ipsi
175 1049 292 1124 dicunt3
308 1067 378 1112 oum
402 1068 440 1112 ex
471 1049 517 1112 bis
552 1069 631 1134 quae
668 1053 780 1116 nostris
814 1052 955 1118 sensibus

51 1137 167 1200 subsunt
191 1157 228 1202 er
252 1137 364 1222 quibus
398 1151 563 1202 sumuntur
585 1139 734 1225 principia
758 1142 954 1208 scientiarum

52 1226 308 1308 speculativarum,
327 1246 388 1290 non
412 1228 506 1311 possit
529 1228 681 1312 perveniri
696 1229 850 1294 adomnia
867 1252 954 1316 prac-

52 1314 119 1377 dicta
143 1314 367 1398 cognoscenda.
392 1314 442 1378 Est
466 1316 558 1400 igitur
580 1317 770 1402 impossibile
794 1321 876 1404 quod
901 1321 955 1384 nli·

53 1404 112 1486 quis
132 1405 227 1468 bomo
250 1401 289 1466 ad
313 1403 397 1467 illam
421 1406 683 1470 continuationem
706 1409 865 1492 perveniat
901 1431 956 1494 per

51 1494 169 1556 modum
193 1493 233 1556 ab
257 1493 300 1556 eis
322 1495 521 1576 assignatum.
545 1493 611 1558 Non
636 1507 681 1559 est
704 1497 796 1579 igitur
812 1498 956 1582 possibile

52 1581 125 1663 quod
148 1582 177 1644 in
202 1581 253 1645 tali
276 1581 504 1646 continuatione
527 1583 566 1646 sit
589 1582 723 1648 bominis
746 1583 882 1650 lelicitas.

110 1670 224 1746 Adbuc,
256 1669 333 1734 Dato
357 1670 439 1753 quod
464 1671 530 1734 talis
552 1673 740 1737 continuatio
764 1674 896 1740 bominis
919 1675 956 1739 ad

54 1753 229 1823 intellectum
262 1773 403 1842 agentem
428 1761 465 1824 sit
489 1761 644 1845 possibilis
678 1762 801 1846 qualem
825 1763 883 1850 ipsi
903 1764 989 1830 de·‘

54 1846 193 1924 scribunt,
205 1847 332 1933 planum
356 1861 401 1910 est
423 1848 507 1933 quod
526 1848 592 1912 talis
605 1848 751 1935 perfectio
768 1853 957 1938 paucissimis

54 1932 202 2000 bominum
226 1935 358 2014 advenit,
381 1938 531 2002 intantum
549 1938 632 2021 quod
657 1959 713 2004 neo
734 1940 791 2026 ipsi
816 1961 873 2008 nec
903 1942 958 2008 ali·

57 2024 108 2106 qui,
122 2039 404 2110 quantumcumque
420 2028 450 2090 in
474 2027 607 2092 scientiis
622 2028 815 2113 speculativis
831 2031 958 2096 studiosi

55 2127 79 2174 et
98 2114 192 2197 periti,
214 2115 279 2177 ansi
303 2127 374 2178 sunt
396 2115 488 2180 talem
505 2114 724 2200 perlectionem
748 2117 788 2182 de
811 2139 843 2183 se
867 2119 958 2206 proli-

54 2204 114 2278 teri;'
131 2204 280 2288 quinimo
304 2223 412 2267 omnes
425 2204 556 2291 plurima
573 2225 590 2267 a
606 2225 639 2269 se
653 2221 793 2271 asserunt
809 2209 958 2291 ignorata,

53 2289 118 2356 sient
139 2292 314 2356 Aristoteles
336 2293 553 2376 quadraturam
584 2294 688 2358 circuli
711 2309 741 2359 et
764 2297 896 2362 rationes
909 2317 959 2361 or-

52 2377 120 2444 dinis
151 2401 317 2464 corporum
351 2381 539 2456 caelestium,
573 2383 603 2446 in
630 2383 752 2468 quibus,
776 2399 808 2449 ut
832 2386 961 2472 ipsemet

54 2467 115 2532 dicit
136 2470 191 2555 (dc
214 2469 316 2545 Caelo,
340 2470 371 2547 b,
388 2485 458 2535 text.
483 2490 596 2534 comm.
615 2472 683 2556 ct).
700 2475 821 2538 nonnisi
845 2476 960 2562 topices

54 2557 96 2639 (l)
118 2559 253 2622 rationes
275 2557 406 2623 reddere
439 2572 552 2644 potest:
574 2573 605 2624 et
627 2561 701 2646 quid
724 2563 762 2626 sit
786 2563 816 2627 in
839 2565 883 2628 eis
906 2583 960 2628 ne·

52 2648 206 2711 cessarium
230 2660 390 2712 eteorum
415 2650 597 2726 motoribus,
621 2649 687 2713 aliis
717 2665 852 2716 reservat
875 2653 961 2734 (ble-

52 2736 170 2820 tapbys.‚
196 2735 249 2810 te,
273 2749 345 2802 text.
379 2757 492 2801 comm.
517 2739 584 2821 36).
620 2739 757 2804 Felicitas
781 2753 884 2804 autem
916 2755 962 2805 est

52 2824 197 2904 quoddam
220 2844 387 2889 commune
410 2825 538 2904 bonum,
560 2827 599 2890 ad
623 2827 705 2911 quod
730 2828 833 2913 plures
856 2848 963 2914 pervc-

52 2911 110 2976 nire
132 2927 269 2999 possunt,
303 2913 360 2978 nisi
384 2915 443 2979 sint
482 2915 591 2992 orbati,
615 2930 648 2980 ut
686 2916 860 2981 Aristoteles
890 2916 964 2982 dicit

54 2999 164 3082 (Etbic,
189 3003 219 3079 l,
240 3021 268 3065 c.
294 3002 359 3086 l5);
383 3017 413 3068 et
429 3005 489 3068 hnc
512 3005 605 3068 etiam
623 3025 731 3069 verum
755 3017 800 3069 cst
823 3005 862 3068 de
878 3007 962 3071 omni

53 3089 107 3153 line
129 3091 258 3155 naturali
282 3090 409 3177 alicujus
432 3094 555 3178 speciei,
572 3093 642 3178 quia
656 3094 756 3165 insum
769 3113 963 3180 consequun-

57 3190 151 3274 tur'ea
174 3199 254 3265 quae
277 3193 347 3244 sunt
373 3181 452 3246 illius
475 3183 599 3267 speciei,
623 3184 698 3245 utin
723 3181 872 3266 pluribus.
896 3183 961 3250 Non

58 3279 94 3329 est
113 3281 184 3351 ergo
208 3268 352 3352 possibile
375 3270 457 3353 quod
482 3271 589 3336 ultima
624 3270 761 3336 hominis
784 3269 910 3338 felicitas
933 3275 963 3338 in

59 3357 273 3421 continuatione
297 3357 450 3444 praedicta
473 3359 633 3424 consistat

104 3490 140 3561 ll)
163 3493 278 3562 Topiros,
298 3497 314 3547 i.
332 3512 355 3551 c.
386 3497 543 3566 probabiles.
562 3526 596 3534 -
625 3497 816 3564 Argumentum
845 3499 967 3566 topicam,

63 3563 121 3626 quod
136 3580 165 3616 ex
192 3565 253 3618 locis
277 3565 432 3634 desumitur,
460 3569 603 3636 opponitur
632 3575 786 3634 argumento
815 3570 964 3635 apodictico,

65 3627 128 3699 hujus
144 3635 228 3710 major
245 3639 390 3708 propositio
407 3646 448 3692 est
466 3653 570 3707 semper
587 3637 757 3707 principium.
