2452 3970
219 207 282 276 tto
524 228 570 272 tta
603 227 643 270 nt.
667 225 729 270 ιιι.
753 226 830 271 ιιιιιι.

284 295 431 384 Amplius,
453 295 627 361 Similitudo
649 295 847 382 intelligibilis
871 315 926 380 ρει
959 315 1051 382 quam
1090 296 1138 360 in·

217 384 362 468 telligitur
385 384 498 472 aliquid
514 383 683 450 secuudum
697 405 784 449 suam
797 384 998 450 substantiam
1011 397 1138 472 oportet

217 473 299 560 quod
322 475 359 538 sit
382 474 519 561 ejusdem
543 473 667 560 speciei,
692 474 738 538 uel
774 475 871 556 magis
905 474 1021 559 speeies
1054 474 1138 558 ejus,

216 564 293 628 sieut
315 562 413 628 lorma
437 563 549 630 domus
572 583 651 647 quae
674 576 722 627 εει
745 562 776 626 iu
802 576 906 628 mente
940 561 1063 627 artilieis
1089 575 1137 626 est

216 651 353 736 ejusdem
378 652 489 738 speciei
513 649 706 716 outnvlnrma
730 651 841 716 domus
856 671 935 735 quaa
959 665 1004 717 est
1020 652 1050 716 in
1067 671 1137 715 ma-

215 741 301 817 teria,
324 740 372 805 uel
397 741 497 826 potius
519 741 636 825 speeies
659 740 736 824 ejus3
749 761 810 804 nou
827 742 908 804 enim
927 760 983 826 per
997 740 1135 826 speciem

215 829 349 894 hominis
372 828 550 913 intelligitur
572 827 611 892 de
635 829 720 894 asino
744 829 792 894 vel
815 827 983 915 equoquid
1000 842 1055 893 est.
1070 827 1136 892 Sed
1207 889 1208 892 ,

216 918 280 1001 ipsa
304 933 412 982 natura
435 917 623 982 substantiae
645 932 804 1002 separatae
828 939 889 982 non
907 931 952 982 εει
968 917 1050 982 idem
1064 937 1137 1004 ερε-

215 1007 261 1071 εἱε
284 1026 354 1070 oum
379 1018 485 1072 natura
510 1005 622 1083 divina3
645 1008 719 1090 quin
754 1007 816 1072 inm
851 1027 907 1071 neo
939 1026 1064 1090 genere,
1102 1019 1136 1070 ut

215 1107 371 1160 ostensum
396 1109 441 1162 est
464 1095 509 1180 (l.
537 1095 564 1170 l,
586 1115 612 1160 ε.
636 1095 678 1160 at
697 1097 718 1174 ).
742 1095 808 1161 Non
824 1109 868 1160 est
883 1095 975 1180 igitur
988 1095 1136 1182 possibile

215 1183 297 1267 quod
321 1184 488 1253 substantia
511 1199 651 1270 separata
675 1185 825 1270 intelligat
840 1184 974 1250 divinam
992 1183 1135 1250 substan-

215 1273 287 1340 tiam
313 1294 368 1358 ρει
390 1273 545 1358 propriam
570 1287 721 1338 naturam.

280 1361 365 1440 ltem,
378 1360 478 1428 Omne
501 1374 638 1427 creatum
662 1362 700 1426 ad
723 1361 847 1448 aliquod
871 1381 968 1446 genus
992 1361 1040 1426 vel
1064 1382 1135 1447 ερε-

215 1450 293 1514 ειειιι
317 1454 506 1516 terminatur.
530 1450 639 1514 Divina
664 1463 767 1516 autem
790 1465 920 1516 essentia
934 1464 979 1516 est
1003 1449 1136 1524 infinita,

215 1540 512 1634 eomprehendens
505 1560 535 1604 tn
558 1559 592 1604 se
620 1538 750 1605 ornnem
786 1539 1005 1625 perlectionem
1041 1540 1136 1604 totius

215 1648 293 1704 esse,
316 1643 348 1693 ut
371 1644 527 1694 ostensum
551 1641 596 1692 est
620 1628 666 1713 (l.
692 1629 770 1705 ι’,ε
794 1629 837 1694 98
860 1643 890 1693 ει
913 1629 991 1712 to)
1016 1629 1139 1713 lmpos·

214 1717 302 1780 sibile
326 1731 372 1782 est
395 1719 486 1802 igitur
509 1717 592 1802 quod
616 1737 670 1804 per
703 1718 828 1804 aliquod
853 1715 990 1783 oleatum
1029 1717 1133 1782 diuina

215 1805 383 1870 substantia
411 1806 560 1870 uideatur.

231 1941 234 1947 -
281 1893 453 1971 Praeterea,
477 1891 585 1960 Omnis
608 1893 805 1979 intelligibilis
828 1895 945 1980 speeies
969 1913 1134 1980 perquam

215 1981 394 2068 intelligitur
416 1983 569 2068 quidditas
603 1983 651 2048 vel
674 1985 805 2049 essentia
830 1983 959 2068 alicujus
983 1983 1026 2048 rei
1050 2003 1137 2048 oom-

216 2072 379 2156 prehendit
403 2071 432 2134 in
461 2072 722 2156 repraesentando
758 2094 823 2139 rem
858 2073 952 2150 illam;
987 2071 1071 2136 uode
1107 2084 1136 2136 et

215 2161 369 2225 orationes
392 2161 548 2244 signantes
571 2161 654 2246 quod
678 2161 821 2248 quidest
850 2163 995 2240 tervisinos
1019 2173 1049 2224 et
1083 2181 1136 2224 ro·

217 2250 312 2313 tiones
335 2263 363 2313 et
387 2249 577 2336 definitiones
596 2271 751 2324 uouemus.
769 2250 1135 2336 lmpossibileestautem

215 2338 296 2423 quod
321 2339 421 2423 aliqua
454 2338 621 2402 similitudo
644 2352 744 2404 ereata
780 2340 912 2404 totaliter
948 2337 1050 2402 Deum
1090 2357 1135 2402 re·

215 2441 399 2513 praesentet,
422 2447 491 2490 eum
516 2427 670 2512 quaelibet
703 2427 870 2492 similitudo
893 2440 992 2492 ereata
1019 2427 1056 2490 sit
1079 2427 1135 2490 ali-

215 2517 302 2600 euJ‘us
338 2515 459 2600 generis
496 2515 701 2586 determinati,
735 2537 797 2580 non
836 2529 939 2582 autem
973 2513 1067 2592 Deus,
1104 2527 1135 2578 nt
1207 2533 1208 2562 t

215 2619 371 2670 ostensum
407 2617 452 2670 est
475 2603 520 2687 (l.
547 2605 574 2679 l,
597 2625 623 2668 ε.
648 2604 690 2670 att
706 2604 730 2688 ).
755 2605 821 2670 Non
857 2605 948 2688 igitur
970 2618 1016 2668 εει
1039 2605 1135 2688 possi·

214 2693 275 2758 bile
298 2692 396 2779 quod
404 2712 459 2778 per
483 2692 617 2774 aliquam
648 2693 879 2759 similitudinem
902 2706 1036 2759 creatam
1060 2691 1136 2757 divi·
1207 2719 1208 2726 ι

214 2803 252 2847 na
275 2783 442 2848 substantia
464 2781 659 2866 intelligatur.

280 2872 428 2959 Amplius,
450 2870 559 2934 Divina
581 2869 747 2936 substantia
763 2884 809 2936 est
831 2890 923 2936 suum
946 2890 1024 2949 esse,
1046 2883 1079 2936 ut
1102 2890 1136 2935 o-

215 2976 352 3026 stensum
378 2973 423 3024 est
458 2959 500 3049 (l.
528 2959 555 3036 l,
578 2979 604 3022 o.
632 2959 698 3046 95).
723 2959 825 3045 lpsum
850 2973 952 3024 antem
977 2958 1133 3024 essesub-
1207 2965 1208 3010 f

215 3051 344 3118 stantiae
366 3061 525 3134 separatae
548 3061 593 3112 est
615 3047 802 3131 aliudquam
826 3070 879 3112 sua
896 3047 1077 3126 substantia,
1100 3059 1132 3110 ut
1207 3099 1208 3126 ρ

217 3138 379 3224 probatum
397 3150 442 3202 est
466 3137 498 3227 (l.
511 3136 542 3210 d
555 3157 580 3200 ε
599 3136 664 3225 tta)
684 3136 849 3202 Essentia'
843 3137 934 3222 igitur
949 3136 1135 3202 substantiae
1207 3129 1208 3142 ¹

217 3238 375 3312 separatae
398 3247 460 3292 non
483 3239 528 3292 est
551 3223 705 3290 sufficiens
728 3225 864 3291 medium
889 3246 951 3312 quo
973 3225 1058 3290 Deus
1082 3243 1134 3310 per

220 3313 383 3380 essentiam
407 3335 494 3379 suam
519 3313 613 3378 uideri
638 3313 741 3398 possit.

282 3401 444 3486 Cognoscit
467 3417 570 3470 tamen
594 3403 760 3467 substantia
783 3415 922 3489 separata
957 3422 1013 3488 per
1047 3421 1133 3466 suam

216 3489 418 3556 substantiam
443 3489 481 3556 de
503 3490 571 3555 Deo
593 3489 664 3576 quia
687 3503 743 3570 est,
766 3503 796 3556 ει
819 3490 902 3576 quod
926 3505 971 3557 εει
995 3491 1132 3556 omnium
