2462 3968
367 259 423 302 ara.
448 237 488 302 rii.
512 257 576 303 cte.
595 229 683 303 'assu
932 235 997 302 917

75 325 285 412 contingentia
309 337 339 392 et
362 347 450 392 casus
473 341 503 392 et
526 326 658 401 fortuna,
682 337 712 392 et
734 343 835 412 neque
857 324 997 391 uolunta-

75 417 154 481 rinnr
179 417 246 502 (l),
270 426 302 481 ut
325 429 483 482 ostensum
514 427 568 481 est.
607 415 687 482 Nibil
726 415 819 500 igitur
855 414 998 501 probibet

73 505 187 584 borum
213 504 439 590 providentiam
463 526 540 584 esse,
564 506 642 572 sicut
677 503 954 591 incorruptibilium
968 519 998 570 et

74 595 308 660 universalium.

137 684 261 763 Adhuc,
284 683 315 748 Si
339 683 423 750 Dens
446 685 557 749 borum
595 681 796 768 singularium
832 679 998 766 providen-

77 772 148 837 tiam
174 794 239 838 non
265 771 445 849 habet-aut
468 773 528 839 boc
551 787 596 838 est
634 773 704 858 quia
743 793 805 837 non
840 770 998 853 cognoscit

73 879 119 938 aa,
151 876 206 926 aut
231 865 389 948 quianon
413 874 521 948 potest,
544 875 596 928 aut
619 861 769 947 quianon
794 857 859 926 vult
883 859 996 924 borum

74 969 181 1014 curam
207 951 334 1016 babere.
357 951 425 1016 Nou
449 966 554 1016 antem
579 963 679 1036 potest
702 949 761 1015 dici
793 947 876 1034 quod
913 945 997 1014 Deus

73 1037 244 1124 singularia
267 1061 329 1105 non
354 1054 527 1124 cognomen
551 1053 708 1104 ostensum
736 1041 818 1104 enim
836 1049 882 1102 est
904 1058 996 1121 supra

75 1124 120 1204 (l.
145 1129 176 1206 l,
201 1149 230 1194 c.
255 1129 324 1215 65)
347 1129 429 1216 quod
453 1129 536 1194 Deus
574 1149 683 1194 eorum
718 1129 857 1194 notitiam
893 1126 995 1190 habat.

75 1215 135 1281 Nec
160 1219 256 1283 etiam
281 1231 380 1305 potest
409 1217 469 1282 dici
507 1217 590 1304 quod
629 1217 712 1283 Deus
746 1237 854 1283 eorum
889 1237 995 1280 curarn

75 1305 191 1371 habere
216 1328 280 1373 nou
297 1308 401 1394 possit,
424 1328 494 1372 cum
519 1307 585 1391 ejus
623 1307 757 1392 potantia
795 1305 834 1370 sit
868 1304 996 1382 infinita,

75 1408 224 1482 utsupra
250 1397 412 1483 probatum
426 1409 473 1460 est
496 1395 541 1480 (l.
567 1396 596 1470 l,
619 1416 644 1460 c.
669 1396 711 1460 Ὦ
730 1399 753 1477 )3
776 1415 877 1480 nequo
904 1395 995 1458 etiam

76 1481 151 1549 haec
185 1486 355 1570 singularia
389 1484 623 1568 gubernationis
658 1506 719 1548 non
754 1483 876 1568 capacia
915 1497 996 1559 sunt,

77 1591 144 1636 curn
169 1575 332 1640 videamus
357 1594 392 1637 aa
416 1572 582 1658 gubernari
607 1573 732 1638 rationis
745 1571 903 1646 industria,
920 1572 997 1637 sicut

76 1675 156 1745 patet
179 1663 212 1728 in
238 1663 425 1738 bominibus,
449 1676 479 1727 et
513 1683 568 1749 per
601 1661 773 1727 naturalem
808 1659 996 1734 instinctum,

79 1748 155 1814 siout
190 1765 274 1839 patet
299 1752 329 1817 in
357 1753 466 1837 apibus
493 1767 523 1816 et
547 1751 650 1816 multis
674 1748 857 1815 animalibus
891 1748 998 1827 brutis,

79 1857 156 1921 quae
169 1841 306 1927 quodam
346 1841 477 1906 naturali
500 1840 642 1905 instinctu
659 1840 879 1924 gubernantur.
891 1837 998 1924 Neque

81 1927 170 1992 etiarn
211 1943 311 2016 potest
335 1929 394 1994 dici
418 1929 500 2016 quod
524 1925 608 1994 Deus
631 1949 693 1993 uon
719 1929 791 1993 velit
826 1947 861 1991 ea
885 1926 999 2012 guber·
1078 2003 1084 2012 1

80 2033 165 2096 nare,
188 2038 262 2083 cum
286 2018 427 2083 uoluntas
451 2019 545 2104 ipsius
579 2018 617 2082 sit
652 2016 865 2082 uniuersaliter
899 2016 1000 2081 omnis

80 2101 160 2182 boni,
200 2107 318 2172 bonurn
342 2121 444 2171 autern
468 2127 575 2171 eorum
599 2127 679 2192 quae
716 2105 928 2190 gubernantur
965 2105 997 2169 in

81 2193 186 2260 ordine
210 2195 442 2276 gubernationis
459 2196 591 2260 manime
614 2195 761 2260 consistit.
800 2193 867 2258 Non
907 2191 999 2273 igitur

81 2294 177 2363 potest
202 2285 262 2348 dici
286 2284 369 2370 quod
392 2285 476 2350 Deus
512 2283 623 2348 lrornm
662 2283 861 2369 singularium
892 2301 1000 2348 curam

80 2389 139 2434 non
163 2373 266 2438 habet

143 2461 292 2548 Amplius,
314 2459 430 2526 Omnes
453 2480 563 2526 causae
586 2460 752 2538 secundae,
774 2461 805 2526 in
829 2460 889 2525 boc
914 2460 997 2546 qnod

82 2564 188 2615 causae
212 2550 354 2625 exislnnt,
378 2550 512 2615 divinam
537 2549 768 2614 similitudinem
805 2568 999 2634 consequun-

82 2647 138 2712 tur,
162 2651 196 2704 ut
219 2660 256 2704 ex
279 2639 460 2725 supradictis
484 2647 498 2722 (
511 2660 536 2704 o.
553 2639 622 2722 al)
645 2651 736 2725 patet.
765 2638 920 2703 lnvenitur
943 2637 999 2702 atr-¹

84 2734 141 2790 tem
165 2728 226 2792 lroc
242 2729 464 2806 comuniter,
481 2729 511 2792 iu
534 2729 634 2792 causis
667 2726 908 2813 producentibus
944 2725 999 2790 ali·

82 2814 163 2895 quid,
186 2817 270 2902 qnod
295 2837 399 2881 curam
424 2817 539 2881 habent
562 2835 671 2880 eorum
711 2835 790 2900 qnae
814 2814 999 2901 producunt,

83 2901 156 2968 siout
179 2905 323 2970 animalia
347 2905 526 2970 naturaliter
550 2905 689 2968 nutriunt
704 2903 805 2968 foetus
821 2924 902 2968 suna.
916 2904 1000 2970 Deus

83 2987 170 3071 igitur
193 3014 299 3060 curam
331 2993 423 3058 babet
463 3014 571 3058 eorum
598 3013 730 3077 quorum
769 3013 860 3057 causa
891 2993 1000 3058 existit.

83 3074 131 3143 Est
153 3095 254 3146 autem
279 3103 371 3146 cansa
394 3083 488 3147 etiam
525 3083 661 3146 istorum
690 3081 930 3165 particularium,
967 3095 1002 3146 ut

84 3183 120 3231 ex
142 3171 322 3257 supradictis
336 3173 367 3257 (l.
393 3172 424 3251 2,
447 3193 473 3236 a.
492 3171 545 3262 la)
562 3181 653 3258 patet.
671 3169 769 3235 llabet
785 3170 878 3255 igitur
891 3190 1000 3234 eorum

86 3272 196 3324 auram.
470 3305 472 3312 -

147 3344 233 3426 ltem,
257 3345 422 3414 Ostensum
446 3361 492 3414 est
514 3369 606 3436 supra
629 3349 675 3434 (l.
701 3348 731 3427 l,
754 3367 779 3412 c.
811 3347 853 3414 95
878 3361 908 3412 et
931 3345 1000 3432 bl)

86 3433 165 3514 quod
188 3434 272 3501 Deus
295 3438 326 3501 in
351 3439 443 3503 rebus
466 3441 574 3504 creatis
598 3459 662 3503 non
690 3459 726 3502 ax
743 3439 923 3502 necessitate
947 3459 999 3502 na·

131 3535 169 3608 (l)
188 3541 220 3594 Ει
239 3559 318 3613 nequo
337 3543 525 3614 uoluntarium,
544 3547 562 3601 i.
579 3561 602 3599 e.
627 3560 661 3598 ua
689 3545 867 3600 voluntarium
886 3543 1001 3614 quidam.
