2516 3968
532 253 620 305 rroux
977 233 1042 302 ttt'i

124 355 185 427 Cap.
201 349 244 405 77.
254 347 340 419 'Quod
359 345 479 400 executio
492 340 788 413 divinae'providentiac
804 339 838 392 sit
851 355 904 392 mc-

277 417 411 472 diantibus
428 418 512 470 causis
540 415 662 468 secundis
680 448 860 464 .....
896 430 956 484 pag.
992 414 1046 468 888

124 495 184 568 cap.
196 487 243 546 78.
280 491 358 562 Quod
378 487 553 542 mediantibus
571 485 699 538 creaturis
717 483 895 536 intellectuali.

276 562 404 616 busaliae
421 565 557 612 creaturae
573 562 704 626 reguntur
722 571 737 608 a
754 555 811 606 Deo
847 589 854 604 .
897 601 901 608 .
938 575 953 608 e
990 556 1042 610 887

123 638 184 710 Cap.
201 633 257 688 79.’
280 635 357 700 Quod
370 631 535 685 substantioe
546 627 732 682 intellectuales
757 625 895 680 inferiores

253 711 411 774 'regumur
426 717 474 772 per
492 702 639 771 superiores
668 733 895 750 ······
933 719 948 752 ιι
992 697 1047 752 859

123 781 183 850 Cep.
201 775 244 829 80.
280 777 319 830 De
338 776 502 830 ordinatione
521 773 681 840 Angelorum
701 771 734 822 ad
753 769 899 821 invicem..
937 789 950 821 ιι
991 769 1042 823 iel

124 853 184 922 Cep.
202 847 245 901 8l.
280 849 319 900 De
334 845 498 900 ordinatione
510 846 647 898 hominum
658 843 690 895 ad
704 842 814 894 invicem
828 839 901 893 etad

280 919 330 972 alla
367 947 901 969 .............
937 931 952 965 ιι
991 912 1044 966 858

122 991 183 1063 Cep.
202 989 245 1044 88.
283 989 361 1059 Quod
380 1003 491 1057 corpora
509 987 634 1040 inferiore
653 991 785 1054 reguntur
814 999 828 1036 a
847 985 903 1037 Deo

278 1077 327 1131 per
345 1063 481 1129 superiora
506 1091 900 1110 ..........
932 1074 946 1107 ιι
985 1053 1042 1109 sil

123 1133 184 1204 l'ap.
202 1132 246 1186 85.
282 1132 407 1202 Epilogus
426 1133 619 1200 praedictorum
631 1164 900 1181 .......
936 1145 950 1178 ιι
987 1126 1044 1180 ull

123 1216 183 1276 lap.
202 1203 246 1258 84.
282 1204 360 1272 Quod
380 1217 490 1271 corpora
508 1202 628 1254 caelestia
641 1217 695 1253 non
709 1200 863 1268 imprimant
875 1199 902 1250 in

259 1275 634 1327 ·intelleetus·nostros·.·.
670 1309 676 1322 .
715 1309 721 1323 .
759 1307 765 1320 ·
806 1308 811 1322 .
852 1309 858 1322 .
894 1306 901 1320 .
937 1276 966 1321 n*
990 1267 1044 1322 845

123 1350 183 1419 Cap.
200 1345 244 1401 89.
280 1346 358 1414 Quod
376 1360 488 1413 corpore
506 1345 626 1396 caelestia
645 1359 697 1396 non
716 1348 779 1416 sunt
808 1357 901 1394 causac

279 1419 445 1470 voluntatum
463 1422 490 1466 et
508 1417 661 1468 electionum
681 1420 857 1466 nostrarum.
894 1451 900 1466 .
938 1427 951 1461 ιι
990 1409 1045 1463 850

121 1491 183 1564 Cap.
201 1489 245 1544 88.
280 1489 357 1554 Quod
374 1487 522 1555 corporales
539 1486 647 1540 ellectus
665 1487 692 1538 in
711 1485 767 1536 istis
785 1485 892 1536 inlerio·

277 1561 351 1612 ribus
369 1573 421 1610 non
436 1565 585 1627 sequuntur
597 1573 628 1610 ex
645 1557 799 1610 necessitate
817 1572 901 1608 aeor-

281 1631 389 1701 porihus
407 1631 561 1681 caelestibus
592 1662 904 1681 ........
939 1645 954 1678 ιι
991 1626 1044 1680 887

122 1705 187 1776 Cap.
204 1702 247 1758 87.
283 1703 361 1771 Quod
379 1708 467 1752 motus
486 1701 601 1753 caelestis
627 1699 748 1769 corporis
777 1703 905 1752 nonsunt

95 1774 98 1778 ’
280 1789 373 1826 causae
400 1773 553 1824 electionum
586 1778 737 1824 nostrarum
778 1785 810 1821 ex
852 1771 905 1821 rir-

278 1845 455 1897 tutesanimae
473 1845 639 1896 morentisi.
674 1881 680 1893 .
706 1880 708 1884 .
718 1877 899 1894 .....
936 1858 951 1892 ιι
989 1837 1042 1892 885

121 1919 184 1990 Cap.
202 1915 245 1970 88.
281 1916 363 1984 Quod
389 1913 552 1967 substantiae
580 1921 717 1982 separatae
729 1919 832 1964 creatae
851 1928 903 1964 nou

279 1993 388 2058 possunt
406 2001 462 2038 esse
479 2001 560 2038 cause
579 1986 677 2038 directe
704 1985 858 2038 electionum
878 1991 905 2036 et

212 2069 215 2080 '
279 2060 445 2111 voluntatum
463 2065 614 2108 nostrarum
628 2091 903 2108 .......
937 2051 1044 2106 eido

121 2130 185 2200 Cap.
203 2127 247 2180 89.
280 2130 359 2198 Quod
377 2135 465 2192 motus
481 2129 623 2181 voluntatis
649 2133 806 2180 causature
834 2126 904 2193 Deo,

278 2207 305 2250 et
324 2215 375 2250 non
394 2200 512 2250 soluma
536 2199 671 2250 voluntale
673 2233 900 2250 ......
935 2213 949 2246 ιι
993 2191 1046 2244 897

120 2268 184 2338 Cap.
203 2266 246 2320 90.
283 2269 358 2334 Quod
377 2269 514 2320 electiones
532 2275 558 2320 et
591 2269 739 2320 voluntates
772 2267 904 2320 humanae
1038 2269 1040 2272 ’

278 2338 430 2392 subduntur
448 2337 551 2391 divinae
577 2341 767 2406 providentiae.
803 2377 809 2390 .
850 2377 856 2390 .
893 2377 899 2390 .
938 2355 951 2387 ιι
995 2333 1049 2386 8-70

120 2411 185 2482 Cap.
203 2409 247 2464 9t.
282 2407 422 2481 Quomodo
460 2425 502 2461 res
529 2409 661 2462 humanae
688 2411 722 2462 ad
753 2410 900 2477 superiores

278 2481 540 2534 causasreducontur
541 2514 901 2535 .........
936 2495 949 2529 ιι
990 2474 1043 2527 878

119 2553 186 2625 Cap.
203 2551 246 2606 98.
281 2550 420 2624 Quomodo
438 2552 534 2603 dicitur
553 2551 646 2620 aliquis
659 2552 731 2604 'bene
755 2551 905 2604 fortunatus

278 2635 305 2676 et
333 2623 465 2693 quomodo
493 2618 636 2695 adjuvetur
659 2623 736 2676 homo
763 2637 796 2676 ex
826 2641 904 2694 supe·
978 2651 981 2656 ·
1035 2634 1038 2640 ’

279 2697 394 2748 rioribus
416 2695 500 2746 causis
503 2730 904 2748 ..........
940 2711 954 2744 ιι
992 2685 1046 2739 878

119 2765 185 2838 Cep.
203 2765 248 2819 95.
283 2767 323 2819 De
341 2767 403 2831 lato;
422 2781 455 2818 an
474 2767 508 2818 sit
526 2773 552 2818 ct
584 2766 648 2834 quid
668 2768 701 2818 sit
720 2802 904 2818 .....
940 2782 959 2816 ιι·
992 2757 1040 2810 881

114 2841 182 2909 Cap.
200 2837 242 2892 el.
258 2861 261 2867 ·
280 2836 319 2890 De
346 2838 504 2890 certitudine
521 2837 640 2890 divinae
671 2837 861 2906 providentioe.
897 2876 903 2890 .
940 2854 954 2886 ιι
992 2827 1045 2881 885

114 2909 181 2980 Cap.
199 2907 260 2963 st·
279 2907 358 2980 Quod
388 2909 555 2961 immobilitas
586 2907 691 2961 divinae
724 2909 906 2979 providentiae
1035 2913 1037 2916 '

275 2981 415 3032 utilitatem
433 2980 558 3032 orationis
576 2993 628 3030 non
646 2981 770 3033 excludit.
809 3015 815 3030 .
852 3018 858 3032 .
895 3017 902 3033 .
938 2995 952 3031 ιι
991 2969 1045 3024 899

113 3049 181 3120 Cap.
199 3049 260 3104 tin·
278 3051 356 3122 Quod
376 3054 525 3121 petitiones·
546 3052 680 3104 orantium
714 3067 766 3104 non
799 3067 903 3122 semper

269 3125 446 3175 admittuntur
465 3139 480 3174 a
498 3122 554 3174 Deo
586 3157 900 3178 ........
937 3137 951 3171 ιι
975 3111 1041 3166 ’898

112 3191 181 3262 cap.
199 3190 243 3245 97.
279 3193 417 3263 Quomodo
436 3193 542 3246 divinae
561 3193 742 3262 providentiae
768 3193 905 3265 dispositio

275 3264 373 3316 haltrat
391 3265 521 3316 rationem
540 3301 902 3320 .........
937 3281 951 3312 ιι
990 3256 1044 3312 898

208 3423 210 3432 ,
257 3429 261 3438 ,
302 3429 305 3436 ,
339 3382 373 3436 us
391 3381 574 3436 praaeumssr
592 3383 625 3420 os
643 3383 813 3423 urusurmsus.
888 3365 891 3372 '

109 3472 181 3546 Cas.
198 3469 258 3527 98.·
276 3469 412 3537 Quomodo
439 3471 510 3525 Deus
543 3469 624 3538 possit
654 3477 700 3523 eut
730 3487 782 3526 non
813 3475 896 3542 possit
974 3507 978 3512 -
1030 3481 1032 3490 ’

159 3567 162 3572 ·
203 3566 213 3580 r
252 3541 357 3599 iacere
373 3550 480 3614 praeter
498 3541 616 3596 ordinem
629 3557 692 3597 suae
711 3545 901 3614 providentiae.
940 3562 954 3598 ιι
989 3540 1043 3596 tot
