2516 3968
200 242 265 307 Μ
436 255 897 305 mmmmmm

201 344 251 396 tur
274 328 389 416 aliquid
414 329 453 394 ad
476 327 507 394 id
530 327 615 415 quod
644 340 691 392 est
726 326 886 413 proprium
923 324 966 390 illi
1003 327 1122 411 agenti,

202 433 322 505 oportet
343 418 428 505 quod
452 437 468 483 a
495 417 645 504 principio
677 417 779 503 ipsum
817 413 932 480 mobile
968 415 1123 482 subdatur

200 507 454 594 impressionibus
480 507 597 591 agentis
613 503 803 591 imperfecte,
820 503 908 588 quasi
942 503 1047 570 alienis
1090 517 1125 569 et

201 617 265 661 non
288 597 419 684 propriis
440 595 508 671 sibi,
532 615 693 679 quousque
715 591 831 660 fiantei
845 596 987 679 propriae
1009 594 1040 658 in
1061 607 1125 658 ter·

202 685 287 750 mino
312 697 428 764 motum
448 684 526 748 sicut
548 683 667 768 lignum
693 682 732 748 ab
771 679 841 763 igne
876 681 977 767 primo
1012 681 1126 760 calefit,

203 788 234 838 et
258 773 309 838 ille
332 773 416 840 calor
438 793 500 837 non
524 785 570 836 est
605 772 747 857 proprius
782 769 878 854 ligno,
916 770 971 837 sed
1004 783 1127 858 praeter

203 874 346 928 naturam
371 862 477 949 ipsius:
501 861 531 925 in
556 859 617 925 fine
641 873 758 937 autem,
780 857 905 944 quando
925 859 990 946 jam
1006 861 1127 945 lignum

205 953 337 1036 ignitum
360 965 416 1028 ast,
440 949 524 1014 litei
547 949 631 1014 calor
654 950 812 1035 proprius
834 961 865 1012 et
904 947 1127 1025 connaturalis;

205 1053 236 1104 ει
255 1041 408 1118 similiter,
431 1059 502 1105 cum
527 1037 637 1124 aliquis
660 1059 677 1104 a
700 1036 848 1121 magistro
871 1035 1010 1116 docetur,
1034 1058 1126 1122 opor·

208 1143 250 1193 tet
273 1128 357 1215 quod
382 1150 398 1194 a
423 1127 573 1215 principio
596 1126 815 1211 conceptiones
838 1127 976 1212 magistri
999 1127 1129 1211 recipiat

207 1237 271 1282 non
294 1217 382 1302 quasi
405 1238 456 1282 eas
481 1237 536 1303 per
558 1235 591 1280 se
615 1215 803 1299 intelligens,
825 1212 880 1279 sed
904 1237 959 1302 per
996 1215 1127 1281 modum

207 1306 405 1384 credulitatis,
428 1306 515 1393 quasi
540 1325 633 1391 supra
649 1325 738 1368 suam
762 1302 962 1390 capacitatem
990 1304 1128 1370 existen·

210 1409 265 1469 tes3
290 1397 321 1460 in
345 1394 407 1460 line
430 1408 546 1468 autem,
568 1393 693 1478 quando
712 1392 778 1477 jam
802 1391 928 1459 edoctus
951 1392 1053 1472 suerit,
1076 1411 1130 1458 eas

213 1485 323 1570 poterit
346 1483 528 1568 intelligere.
557 1481 641 1547 Sicut
664 1495 767 1546 autem
790 1500 827 1546 ex
850 1480 938 1548 dictis
960 1495 1052 1568 patet,
1076 1503 1132 1546 au·
1244 1535 1245 1572 r

210 1572 282 1637 xilio
305 1572 427 1638 divinae
450 1573 565 1657 gratiae
589 1571 752 1655 dirigimur
776 1571 806 1634 in
843 1570 985 1637 ultimum
1024 1571 1131 1648 linem3
1244 1575 1245 1636 i

211 1661 337 1726 ultimus
360 1675 464 1728 autem
489 1661 557 1726 linis
581 1673 627 1724 est
650 1657 811 1724 manifesto
839 1659 914 1725 risio
938 1661 1056 1746 primae
1080 1679 1133 1725 re·
1244 1671 1245 1738 l

213 1751 309 1816 ritetis
333 1749 364 1816 in
390 1750 504 1836 seipsa,
527 1762 561 1814 ut
583 1769 675 1835 supra
698 1747 741 1834 (c.
766 1745 846 1832 tlt)
881 1761 1038 1814 ostensum
1077 1761 1134 1814 est.
1244 1747 1245 1752 ’

214 1837 345 1924 Oportet
370 1839 467 1923 igitur
489 1838 573 1925 quod
597 1851 762 1922 antequam
785 1836 824 1902 ad
848 1837 941 1904 istum
964 1837 1059 1903 finem
1083 1857 1137 1902 ve·
1244 1873 1245 1880 κ

216 1927 328 2004 niatur,
350 1927 523 1992 intellectus
547 1927 681 1992 bominis
693 1925 760 1990 Deo
772 1925 920 1993 subdatur
934 1945 989 2014 per
1004 1925 1134 1992 modum

214 2015 413 2093 credulitatis,
437 2014 539 2080 divina
563 2015 660 2099 gratia
684 2015 743 2080 hoc
765 2012 906 2081 faciente.
985 2061 987 2066 -

282 2104 455 2184 Praeterea,
480 2103 512 2168 ln
552 2103 702 2190 principio
738 2102 831 2188 hujus
866 2093 980 2191 operis,
1018 2105 1136 2191 positae

214 2208 287 2260 sunt
310 2194 454 2260 utilitates
480 2207 606 2281 proptor
629 2213 704 2277 quas
729 2194 936 2258 necessarium
959 2193 1016 2260 luit
1057 2193 1135 2259 divi·

216 2305 290 2350 uam
314 2284 474 2348 veritatem
499 2281 677 2348 bominibus
700 2301 756 2367 per
778 2279 908 2348 modum
946 2282 1137 2348 credulitatis

217 2373 358 2460 proponi.
384 2371 425 2435 Ex
449 2371 562 2457 quibua
586 2371 678 2434 etiam
701 2369 846 2434 concludi
864 2386 965 2458 potest
987 2371 1070 2458 quod
1085 2392 1138 2436 ne·

215 2461 383 2614 cessarkipm
408 2459 464 2526 luit
488 2459 583 2524 fidem
607 2479 674 2524 esse
700 2457 826 2524 divinae
848 2462 964 2546 gratiae
994 2460 1139 2526 effectum

215 2571 248 2614 rn
272 2569 313 2614 no
338 2569 371 2613 ts.

284 2637 361 2704 ilinc
383 2650 429 2702 est
451 2634 535 2722 quod
559 2634 721 2720 Apostolus
745 2634 827 2700 dicit:
854 2635 967 2703 Gratia
978 2639 1051 2704 estis
1073 2639 1162 2703 ool.

216 2729 284 2793 uoti
303 2747 360 2811 per
383 2726 486 2814 pidem,
508 2735 537 2788 et
560 2725 616 2788 boe
639 2743 700 2789 non
723 2743 761 2790 en
782 2723 881 2800 vobin·
899 2728 958 2792 Dei
980 2729 1060 2792 onim
1085 2727 1141 2791 do-

215 2837 290 2882 num
313 2827 368 2894 aot,
392 2815 514 2901 Ephes.‚
538 2813 569 2891 ᾖ,
593 2813 623 2878 8.

284 2904 343 2970 Per
365 2903 424 2969 boc
447 2914 551 2969 autern
575 2899 751 2967 excluditur
773 2921 860 2968 error
890 2903 1142 2989 Pelagianorum,
1171 2897 1182 2919 ⁶

216 2994 268 3081 qui
293 2992 440 3058 dicebant
462 2989 547 3080 quod
570 2990 692 3056 initium
719 2989 790 3056 tidei
814 2991 844 3056 in
869 2993 959 3059 nobis
989 3013 1053 3058 uon
1077 3006 1143 3060 erat

216 3104 234 3148 a
259 3082 325 3148 Deo
348 3080 403 3147 sed
429 3101 446 3144 a
473 3080 572 3148 nobis.

534 3199 720 3268 CAPUT
743 3199 839 3268 CLlll.

309 3309 398 3391 Quod
420 3307 528 3374 divino
550 3307 654 3394 pretio
677 3318 787 3374 conant
807 3307 840 3371 in
862 3307 951 3375 nobis
978 3331 1064 3395 rpem

506 3398 629 3482 furorne
653 3395 862 3462 beatitudinis.

290 3519 333 3585 Ex
355 3517 472 3584 eisdem
497 3519 591 3586 etiam
614 3518 736 3586 ostendi
770 3531 870 3608 potest
904 3520 988 3609 quod
1024 3489 1147 3611 oportet
