2514 3972
428 237 483 305 um.
507 261 549 304 ιιι.
573 259 641 306 ctu.
665 261 714 304 cn.
966 241 1030 306 att

96 347 163 393 non
190 337 302 415 potest
325 339 447 414 praeter
472 329 614 410 ordinem
639 328 724 394 illurn
749 329 879 415 operari.
901 359 903 364 ·
922 327 1030 396 Omnis

97 429 208 482 autem
236 429 380 480 creatura
417 429 462 482 est
497 421 660 482 constituta
695 416 753 482 sub
790 417 898 481 ordine
935 439 1028 504 quem

98 505 187 570 Deus
212 505 249 569 iu
277 504 369 570 rebus
390 506 502 571 statuit.
527 506 614 571 Nulla
638 527 713 590 ergo
751 519 890 571 creatura
928 521 1028 592 potest

93 615 192 678 supra
221 595 311 658 huuc
334 593 474 659 ordinem
512 595 643 682 operari;
683 595 766 680 quod
808 607 855 660 est
878 594 1026 660 miracula

93 681 214 749 faeere.

165 772 264 844 ltem,
289 770 421 854 Quando
445 771 544 858 aliqua
568 773 663 838 virtus
686 771 770 838 linita
795 771 955 857 proprium
980 771 1024 836 el·

95 857 217 925 lectum
247 873 394 946 operatur
416 861 455 924 ad
479 881 571 946 quem
608 861 840 935 determinatur,
869 881 940 946 =uon
981 874 1026 925 est

95 949 307 1027 miraculum,
320 949 390 1014 licet
413 963 514 1034 posset
538 970 605 1015 esse
621 951 734 1014 mirum
759 949 847 1013 alicui
871 951 922 1034 qui
940 949 1024 1013 illam

95 1038 254 1102 uirtutem
279 1057 342 1102 nou
366 1040 610 1124 comprehendit,
644 1041 720 1102 sicut
754 1038 866 1101 mirum
907 1037 1026 1102 videtur

95 1126 220 1210 ignaris
248 1127 332 1212 quod
357 1147 484 1211 magnes
503 1129 595 1192 trahit
611 1127 726 1192 serrum
750 1125 796 1189 rel
811 1125 893 1211 quod
917 1126 1025 1212 aliquis

96 1235 218 1299 parvus
258 1215 348 1302 piscis
386 1217 424 1280 sit
447 1216 580 1280 retinens
618 1237 738 1281 navem.
774 1213 883 1278 Omnis
921 1230 1024 1280 autem

96 1317 270 1368 creaturae
294 1305 428 1390 putentia
452 1319 497 1368 est
521 1305 646 1369 limitata
686 1304 724 1368 ad
749 1302 882 1388 aliquem
922 1304 1024 1368 deter-

96 1393 261 1456 miuatum
286 1393 427 1457 ellectum
453 1394 501 1457 vel
525 1393 563 1458 ad
587 1393 716 1479 aliquos.
753 1391 908 1477 Quidquid
948 1412 1022 1476 crgo

96 1479 216 1545 virtute
242 1481 465 1566 cujuscumque
487 1497 645 1546 creaturae
669 1481 731 1556 liat,
754 1501 815 1544 uon
840 1493 940 1566 potest
963 1481 1022 1545 dici

99 1569 294 1634 miraculum
318 1572 452 1657 proprie,
476 1573 532 1634 etsi
557 1571 595 1636 sit
617 1571 731 1634 mirum
747 1581 906 1633 creaturae
931 1571 1023 1634 virtu-

100 1671 164 1722 tem
191 1659 278 1723 illius
302 1679 363 1722 nou
387 1659 674 1746 comprehendenti,
700 1657 782 1743 quod
807 1671 909 1721 autem
950 1657 1021 1722 fita

100 1747 219 1811 virtute
245 1747 358 1825 divina,
381 1767 471 1832 quae,
495 1769 564 1812 uum
589 1749 626 1811 sit
651 1747 780 1822 infinita,
796 1745 835 1810 de
857 1767 891 1810 se
906 1747 1022 1812 iucom-

100 1835 325 1920 prehensibilis
361 1850 416 1913 est,
443 1857 515 1901 vere
539 1837 720 1901 miraculum
745 1849 800 1898 est.

144 1925 303 2009 Amplius,
326 1923 435 1989 Omnis
458 1941 596 1990 creatura
621 1927 650 1989 iu
674 1946 729 1988 sua
753 1922 871 1991 actione
894 1924 1022 2010 requirit

98 2011 278 2096 subjectum
303 2013 427 2097 aliquod
452 2015 481 2078 io
505 2015 588 2100 quod
614 2031 693 2098 agaq
720 2013 814 2077 solius
838 2027 940 2077 autem
964 2013 1020 2078 Dei

98 2114 144 2164 est
163 2121 203 2165 ex
222 2101 320 2166 nihilo
343 2102 459 2185 aliquid
483 2102 593 2181 faeere,
619 2118 650 2168 ιιι
674 2123 765 2187 supra
790 2115 947 2166 ostensum
975 2117 1020 2166 est

97 2187 144 2272 (l.
173 2191 205 2267 l,
230 2210 257 2256 e.
283 2190 364 2273 to).
390 2191 472 2255 Nihil
503 2205 605 2256 autem
630 2191 712 2276 quod
747 2190 877 2275 requirit
909 2190 940 2253 ιιι
964 2210 1019 2254 sua

99 2277 222 2342 actione
245 2278 418 2364 subjectum
450 2293 548 2364 potest
584 2301 676 2364 agere
711 2279 767 2342 ιιίει
792 2279 842 2342 illa
878 2277 1031 2364 adquae

97 2364 277 2450 subjectum
311 2380 358 2432 est
396 2371 426 2432 iu
451 2369 596 2453 potentia;
635 2370 694 2432 ltoc
732 2368 814 2431 euim
852 2386 947 2451 agens
987 2368 1018 2431 io

94 2453 276 2540 subjeetum
314 2456 438 2542 aliquod
477 2473 623 2542 operatur
656 2469 688 2520 ut
723 2457 832 2521 educat
870 2455 945 2520 illud
980 2455 1019 2520 de

100 2545 240 2626 potentia
264 2546 295 2608 in
319 2559 431 2610 actum.
457 2544 547 2610 Nulla
573 2547 665 2630 igitur
687 2557 838 2620 creatura,
861 2545 939 2608 sicut
961 2565 1019 2609 nec

98 2650 207 2698 creare
232 2647 340 2719 potest,
377 2635 416 2698 ita
442 2654 499 2697 nee
522 2655 614 2719 agere
653 2647 749 2720 potest
789 2633 820 2696 in
859 2633 1017 2716 aliquare

100 2719 157 2783 nisi
182 2722 268 2807 quod
291 2736 336 2786 est
359 2723 391 2786 iu
415 2723 549 2808 potentia
573 2723 653 2787 illius
691 2722 746 2787 rei.
783 2721 877 2784 Fiunt
914 2735 1018 2786 autem

98 2809 197 2874 multa
223 2811 369 2875 miracula
408 2812 561 2889 divinitus,
599 2811 672 2875 dum
707 2810 737 2872 in
773 2829 806 2872 re
845 2809 945 2894 aliqua
984 2809 1017 2873 lit

100 2893 204 2963 diviua
229 2899 339 2963 virtute
362 2897 445 2984 quod
469 2919 529 2963 uou
554 2912 600 2964 est
625 2901 654 2962 iu
681 2899 814 2984 potentia
846 2897 926 2961 illius
959 2899 1017 2978 rei,

98 2983 176 3050 sicut
202 2986 286 3074 quod
310 3002 449 3052 mortuus
475 2990 633 3053 reviviscat
657 3002 686 3051 ct
709 2985 793 3072 quod
816 2985 862 3050 sol
885 2999 1019 3050 retroce-

99 3069 150 3136 dat
173 3089 203 3139 et
228 3075 310 3161 quod
334 3077 396 3141 duo
419 3097 547 3162 corpora
573 3078 632 3141 sint
666 3074 769 3140 simul.
810 3075 891 3138 Haeo
925 3075 1019 3160 igitur

99 3161 247 3228 miracula
271 3165 354 3228 nulla
379 3166 490 3229 virtute
516 3180 617 3229 creata
641 3165 706 3229 fieri
731 3177 867 3248 possunt.

164 3253 281 3332 Adhuc,
307 3253 485 3337 Subjectum
514 3254 544 3318 iu
568 3253 651 3339 quod
676 3253 775 3336 agitur
798 3251 938 3316 ordinem
963 3251 1016 3319 tra

102 3333 151 3401 bet
174 3354 203 3404 ct
226 3341 264 3406 ad
288 3362 382 3428 agens
406 3342 489 3426 quod
516 3342 634 3408 reducit
671 3343 770 3428 ipsum
807 3341 845 3404 de
881 3343 1015 3425 potentia

16 3509 18 3515 Ι
101 3423 253 3494 inactum
278 3429 368 3496 etad
398 3445 499 3495 actum
542 3431 573 3494 iu
597 3451 689 3517 quem
726 3429 892 3494 reducitur.
930 3428 1016 3496 Sicut

103 3529 174 3600 ergo
196 3518 368 3605 subjectum
392 3518 516 3608 aliquod
541 3533 586 3585 est
610 3524 641 3585 iu
666 3518 799 3608 potentia
823 3517 861 3584 ad
879 3517 1014 3606 aliquem
