2514 3972
147 301 150 308 .
294 297 296 301 .
350 261 406 308 tra.
433 263 474 308 ιιι.
499 263 562 309 etr.
586 261 646 310 etr.
670 261 705 308 tr
729 262 775 309 cx.
966 243 1031 310 sts

172 329 236 396 lloc
260 341 363 397 autem
387 331 487 398 differt
509 334 588 398 inter
604 332 763 398 hominem
780 343 811 398 et
826 330 1032 400 subdentium

108 431 279 506 separatam
302 420 396 506 quod,
420 423 450 486 in
474 441 536 486 uno
550 421 688 498 homine,
711 433 784 486 suat
807 419 910 508 plures
935 441 1027 508 appe·

109 508 209 573 titivte
232 509 372 585 virtutes,
394 529 524 596 quorum
557 530 619 576 una
649 507 708 574 sub
732 509 826 576 altera
861 508 1033 589 ordinatum

108 596 317 683 quodquidem
343 598 373 662 in
404 598 581 666 substantiis
609 599 758 684 separatis
781 617 844 664 nou
868 598 1030 684 contingit;

109 705 167 750 una
191 699 296 750 tamen
320 706 427 751 earum
452 701 499 752 est
522 687 580 754 sub
604 687 709 752 altera.
739 686 902 752 Peccatum
926 701 1032 753 autem

108 773 137 838 in
171 774 329 840 uoluntate
360 771 536 860 contingit,
574 775 841 863 qualitercumque
881 777 1032 864 appetitus

107 860 234 928 inferior
256 861 447 930 deflectatur.
471 865 557 931 Sient
587 865 680 950 igitur
702 877 862 952 peccatum
886 865 917 930 iu
941 865 1031 932 subs·

108 952 208 1017 tentiis
231 954 378 1038 separatis
401 967 483 1020 esset
498 975 560 1039 per
590 954 652 1018 hoe
673 953 758 1040 quod
782 953 886 1039 aliqua
922 973 1032 1021 earum

107 1038 234 1106 inferior
257 1039 474 1108 deflecteretur
496 1043 536 1108 ab
562 1042 673 1108 ordine
708 1041 839 1127 alicujus
861 1044 1030 1128 superioris

109 1128 164 1193 sub
188 1129 299 1195 ordine
333 1131 437 1196 divino
476 1132 641 1208 manentis,
663 1130 704 1196 ita
738 1131 769 1196 in
806 1129 934 1196 homine
968 1153 1031 1198 nno

109 1217 257 1303 contingit
278 1231 439 1305 peccatum
473 1219 644 1307 dupliciter:
670 1217 737 1285 Uno
761 1219 866 1298 modo,
889 1237 946 1307 per
972 1222 1030 1288 hoc

109 1305 191 1390 quod
212 1307 354 1373 uoluntas
378 1309 512 1374 humana
537 1309 653 1375 bonum
678 1308 837 1395 proprium
859 1329 923 1374 aon
947 1309 1030 1375 ordi·

107 1407 158 1468 nat
180 1397 212 1459 in
237 1396 348 1475 Deum,
371 1397 584 1483 quodquidem
606 1409 767 1484 peccatum
790 1409 837 1462 est
859 1417 1031 1464 commune

107 1483 163 1548 sibi
185 1496 217 1550 et
239 1485 427 1550 substantiae
450 1501 619 1572 separatam
650 1486 711 1551 elio
741 1485 847 1564 modo,
877 1507 933 1572 per
970 1487 1030 1554 hoc

109 1571 190 1657 quod
214 1573 332 1640 bonnm
355 1574 509 1640 inferioris
543 1575 696 1662 appetitus
719 1595 781 1638 oon
805 1575 964 1660 regulatur
980 1597 1028 1642 se·

108 1661 243 1727 trundum
256 1665 458 1749 superiorem,
476 1677 547 1749 puta
564 1663 690 1751 qnando
709 1661 902 1729 delectabilia
916 1666 1028 1745 carnis,
1149 1684 1153 1694 ’

109 1748 139 1814 io
161 1771 242 1837 quac
265 1753 511 1840 concupiscibilis
535 1752 808 1832 tenueramus
833 1773 895 1818 uon
919 1771 1029 1819 secun·

110 1836 182 1904 dum
205 1839 347 1906 ordinem
377 1843 512 1920 rationis3
536 1841 713 1930 hujusmodi
737 1854 841 1906 autem
866 1855 1029 1929 peccatum

109 1939 170 1994 nott
193 1930 343 2016 contingit
365 1929 396 1995 ia
419 1930 596 1998 substantiis
617 1929 767 2018 separatis
791 1950 875 1997 csse.

433 2105 606 2174 CAPUT
642 2105 705 2174 CX.

279 2282 397 2350 Solutio
426 2286 584 2367 rationum
603 2285 860 2368 praemissarum.

145 2457 227 2613 lSie
248 2479 324 2546 ergo
345 2461 423 2528 haec
438 2481 518 2549 quae
534 2460 654 2547 objecta
676 2473 748 2526 sant
764 2482 826 2528 nou
847 2459 970 2528 difficile
985 2475 1032 2529 est

111 2567 240 2618 sotere.

171 2637 241 2703 *Non
265 2637 349 2704 enim
376 2639 517 2724 cogimur
551 2635 760 2724 dicerequod
797 2657 885 2708 error
919 2637 975 2705 luit
999 2639 1031 2706 in

108 2724 263 2792 intellectu
286 2727 474 2792 substantiae
504 2741 673 2815 separatae,
709 2725 876 2812 judicando
912 2728 1029 2813 aliquid

109 2811 226 2880 boumn
247 2815 331 2902 *quod
357 2817 473 2881 bonum
497 2837 560 2880 ooo
587 2817 635 2896 sit,
650 2814 705 2880 aed
722 2835 784 2880 noo
801 2815 1029 2883 considerando

109 2901 225 2970 bonum
248 2906 400 2990 superius,
424 2904 462 2970 ad
490 2905 573 2990 quod
608 2905 767 2991 proprium
799 2902 918 2969 bonum
953 2904 1030 2970 relc-

109 2996 239 3058 recdum
252 3004 327 3070 erat;
339 2993 554 3079 uniusquidem
568 2990 824 3058 considerationis
841 2993 918 3057 ratio
934 2995 1032 3080 potuit

109 3097 174 3146 esse
198 3081 338 3148 voluntas
361 3083 392 3148 in
421 3083 582 3170 proprium
602 3082 719 3146 bonum
738 3081 856 3146 intense
872 3101 1032 3162 conteram
1123 3105 1127 3118 ·

109 3181 153 3232 est
175 3172 259 3236 enim
282 3169 415 3236 liberum
436 3170 585 3237 voluntati
603 3173 635 3235 in
654 3170 713 3236 hoc
730 3169 778 3235 vel
794 3169 824 3234 in
841 3169 917 3234 illud
933 3172 1031 3256 magis

109 3257 157 3322 rel
179 3260 281 3325 minus
304 3261 451 3326 converti.

174 3347 260 3414 Patet
281 3349 374 3413 etiam
409 3347 491 3436 quod
524 3368 586 3414 troo
609 3345 735 3434 appetiit
763 3345 888 3432 aliquod
913 3345 1029 3414 bonum

108 3430 166 3498 uisi
189 3453 286 3502 unum
309 3437 392 3523 quod
414 3453 460 3504 est
482 3437 539 3501 sibi
565 3437 735 3523 proprium,
764 3436 819 3500 sed
845 3435 875 3498 in
893 3435 951 3500 hoc
975 3434 1032 3502 luit

109 3538 268 3608 peccatum
299 3527 382 3612 quod
418 3527 623 3616 praetermisit
656 3524 796 3613 eruperint
834 3522 963 3624 bonum,
998 3526 1029 3618 itt
1068 3535 1070 3539 ’
