2516 3968
427 269 483 314 ιιι.
514 268 555 313 ιιι.
579 267 643 313 cnr.
668 265 724 313 eu.
979 247 1043 316 457

124 337 320 403 attenderunt
343 337 546 403 differentiam
570 337 649 402 inter
680 332 876 402 dilectionem
907 333 1045 404 divinum

126 439 158 493 et
196 426 378 505 humanam3
412 427 516 492 divina
552 426 636 492 enirn
675 422 798 492 dilectio
825 437 871 490 est
893 428 1046 492 causativa

125 517 199 584 bani
222 515 306 603 quod
335 516 366 581 in
404 515 507 603 aliquo
542 515 651 600 diligit,
685 535 748 580 non
782 531 906 601 semper
943 529 1046 582 autem

122 607 269 674 humana.

373 775 377 782 ’
434 780 605 858 curor
644 781 715 848 ott.

197 961 286 1043 Quod
308 963 412 1049 pratia
434 971 556 1046 pratum
579 961 696 1044 faciens
719 972 829 1028 causat
850 963 884 1030 ia
906 960 993 1028 uoltis

448 1051 643 1115 dilectionem
669 1051 738 1116 Dei.

197 1231 239 1296 Ex
262 1228 438 1316 praemissis
459 1231 565 1294 'sautem
589 1227 785 1294 manifestum
809 1229 843 1294 fit
869 1229 965 1316 quod,
994 1249 1050 1315 per

89 1319 92 1324 '
135 1320 282 1386 auxilium
307 1319 422 1404 gratiae
445 1316 567 1382 divinae
590 1331 712 1402 gratum
737 1316 886 1398 facientis,
913 1318 973 1384 hoc
995 1319 1051 1384 ho·

132 1408 408 1493 moconsequitur
431 1407 514 1492 quod
537 1406 638 1472 Deum
663 1406 778 1490 diligat.

200 1497 301 1562 Gratia
326 1497 409 1562 enim
436 1508 556 1581 gratum
581 1494 695 1560 iaciens
719 1511 766 1561 est
788 1496 819 1560 in
842 1495 969 1562 homine
1006 1496 1051 1560 di·

132 1587 223 1652 vinae
246 1585 417 1652 dilectionis
445 1585 580 1651 effectus.
604 1584 750 1670 Proprius
789 1598 892 1650 autern
930 1584 1051 1650 divinae

133 1675 306 1741 dilectionis
314 1674 438 1740 effectus
450 1675 481 1738 in
495 1673 621 1739 homine
635 1693 702 1737 esse
714 1672 834 1738 videtur
850 1672 933 1758 quod
948 1674 1052 1739 Deum

133 1765 250 1849 diligau
273 1763 333 1829 hoc
355 1763 440 1828 enim
464 1775 510 1827 est
533 1762 718 1848 principium
742 1763 774 1828 in
797 1762 967 1828 intentione
982 1760 1052 1827 dili·

133 1853 233 1937 gentis
258 1865 290 1916 ut
312 1873 330 1917 a
353 1851 464 1917 dilecto
487 1851 675 1928 redametum
698 1850 736 1915 ad
761 1851 821 1917 hoc
844 1852 926 1916 enim
963 1870 1052 1938 prae·

133 1943 223 2026 cipue
250 1940 385 2006 studium
410 1941 565 2026 diligentis
590 1939 686 2004 tendit
709 1950 742 2004 ut
765 1939 803 2004 ed
827 1940 875 2005 sui
913 1959 1053 2010 amorem

132 2030 278 2096 dilectum
301 2029 443 2107 attrahat,
461 2042 495 2094 et
519 2031 575 2094 nisi
602 2027 800 2108 hsocaccidau
816 2042 937 2115 oportet
959 2030 1053 2096 dilec-

131 2119 247 2192 tionem
263 2117 398 2184 dissolvi.
422 2118 517 2202 lgitur
540 2138 575 2183 er
592 2117 687 2202 gratia
711 2131 832 2202 gratum
848 2117 978 2184 iaciente
994 2119 1054 2184 hoc

131 2210 163 2274 in
180 2207 305 2273 homine
329 2207 527 2290 consequitur
550 2205 634 2291 quod
656 2205 759 2270 Deum
781 2205 896 2288 diligat.

199 2295 316 2372 Adbuc,
341 2296 454 2360 Eorum
478 2313 610 2380 quorum
634 2305 680 2358 est
712 2313 793 2359 unus
830 2294 901 2360 linis
934 2307 1054 2380 oportet

134 2385 269 2471 aliquem
294 2385 443 2450 unionem
467 2403 545 2460 esse,
568 2383 599 2446 in
622 2394 771 2466 quantum
795 2382 976 2449 ordinantur
1013 2383 1052 2449 ad

135 2473 241 2550 finem;
265 2473 348 2538 unde
372 2473 455 2537 etin
479 2472 600 2538 ciuitate
623 2470 767 2538 homines
795 2491 851 2557 per
884 2472 1053 2558 quemdum

135 2562 332 2629 concordiam
357 2561 543 2639 adunantur,
567 2572 600 2624 ut
625 2559 742 2645 possint
772 2563 918 2648 consequi
952 2562 1054 2649 reipu-

135 2653 234 2718 blicae
257 2651 385 2726 bonum,
408 2664 439 2716 et
461 2649 604 2716 milites
596 2669 627 2713 ιιι
655 2647 720 2713 'acie
755 2663 875 2735 oportet
908 2650 989 2715 uniri
1025 2663 1056 2715 et

135 2740 328 2806 concorditer
351 2759 454 2827 agere,
477 2738 515 2804 ad
542 2739 601 2804 hoc
617 2735 700 2823 quod
726 2738 895 2814 victoriam,
907 2758 986 2825 quae
1010 2751 1056 2804 est

134 2830 308 2896 communis
346 2829 426 2908 linis,
459 2839 696 2914 consequantur.
731 2827 813 2892 Finis
849 2839 953 2892 autem
986 2827 1056 2893 ulti·

135 2939 218 2997 mus,
256 2917 295 2982 ad
332 2937 425 3004 quem
461 2917 557 2982 homo
594 2937 651 3002 per
675 2916 821 2982 auxilium
845 2916 966 2982 divinae
989 2935 1057 3002 gra·

137 3008 198 3070 tiae
219 3004 411 3108 perducitur
440 3020 487 3069 est
508 3006 585 3070 risio
609 3003 666 3070 Dei
689 3024 744 3090 per
767 3005 942 3083 essentiam,
979 3025 1058 3091 quae

138 3092 263 3180 propria
287 3106 333 3157 est
356 3093 450 3180 ipsius
472 3093 544 3170 Dei;
566 3107 597 3158 et
635 3094 678 3158 sio
712 3093 772 3159 hoc
810 3093 903 3158 firrale
941 3093 1059 3158 bonum

140 3184 387 3248 communicatur
410 3181 561 3247 hominia
585 3183 662 3248 Deo.
686 3180 755 3248 Non
778 3195 878 3280 potest
899 3181 1059 3264 igiturho·

141 3291 194 3336 mo
218 3269 256 3334 ad
280 3269 363 3335 hunc
387 3269 481 3334 linem
506 3270 644 3357 perduci,
667 3270 725 3336 nisi
760 3270 882 3336 unietur
904 3271 971 3336 Deo
1005 3289 1061 3357 per

140 3355 389 3424 conformitatem
414 3358 592 3437 voluntatis,
615 3360 667 3445 qui
690 3373 736 3424 ost
740 3359 900 3462 proprius
937 3358 1062 3426 effectus

141 3447 328 3521 dilectionis;
351 3467 425 3512 nem
449 3447 620 3512 amicorum
644 3448 802 3534 proprium
826 3461 872 3514 est
894 3448 977 3513 idem
1001 3448 1062 3513 vel-

140 3535 171 3602 le
195 3549 226 3602 et
257 3536 352 3618 nolle,
376 3535 467 3603 etde
490 3535 609 3603 eisdem
639 3538 775 3624 gaudere
797 3552 827 3606 et
853 3537 968 3606 dolere.
1004 3537 1062 3604 Per
