2494 3970
402 186 487 276 mn.
511 232 553 277 ιιι.
576 231 639 278 ιιι.
664 229 722 274 ιιι.
973 214 1015 279 55

99 303 137 382 (e.
160 298 232 386 90).
256 297 299 365 Ex
320 299 455 366 bonitate
478 315 581 366 autern
604 299 660 365 Dei
684 299 835 385 estquod
859 299 925 368 aliis
948 321 1026 369 esse·

96 386 236 473 largitum
273 389 519 476 unumquodque
542 391 625 455 enim
660 387 723 472 agit
755 389 938 475 inquantum
969 406 1017 458 est

94 491 162 542 notu
185 477 371 564 perlectum.
395 479 578 544 Desiderant
617 477 709 563 igitur
742 477 928 561 generaliter
966 501 1016 548 res

91 566 121 630 in
145 565 208 632 boe
234 567 302 633 Deo
326 568 486 634 assimilari
510 582 543 633 ot
565 569 625 633 sint
648 565 780 632 aliorum
804 587 925 632 causae.

155 655 311 742 Amplius,
333 655 418 722 Ordo
442 657 481 722 ad
503 657 620 722 bonurn
645 656 719 722 boni
737 655 889 721 rationem
911 657 1015 738 babet,

90 756 123 808 ot
145 763 185 809 ex
211 745 301 812 dietis
326 752 365 837 (o.
391 746 449 830 ιθ)
472 760 518 811 εει
541 743 748 812 manifestum.
766 743 1015 832 Unumquodque
1108 800 1109 804 ,

88 846 196 898 autem
221 854 278 920 ρει
301 835 361 901 hoo
384 835 467 922 quod
492 849 537 900 est
560 855 651 901 eausa
691 833 817 898 alterius
855 835 1016 901 ordinetur

87 920 126 985 ad
151 920 286 1000 bonum3
309 925 425 989 bonum
449 937 552 989 sutem
577 924 677 989 solum
706 943 761 1010 ρει
783 943 817 988 se
854 925 1015 1008 eognosoi-

88 1021 139 1074 tur
161 1025 194 1076 et
218 1026 373 1094 causatum
398 1013 514 1080 malum
537 1027 640 1078 notem
657 1031 712 1098 per
727 1010 870 1078 accidens
882 1026 1013 1091 tantum,

87 1111 121 1162 ut
145 1113 309 1167 ostensum
333 1116 378 1167 est
399 1103 442 1186 (o.
468 1103 535 1186 ld).
560 1103 631 1167 Esse
658 1101 750 1186 igitur
773 1101 904 1166 aliorum
920 1121 1013 1168 eausa

87 1201 134 1251 est
158 1188 292 1257 bonnm.
315 1189 494 1256 Secundum
518 1205 621 1256 antem
645 1188 805 1276 quodlibet
821 1189 950 1264 bouum
974 1192 1013 1257 ad

87 1275 173 1360 quod
199 1279 308 1354 tendit,
331 1280 446 1365 aliquid
469 1281 598 1345 intendit
610 1280 745 1346 divinam
768 1279 1013 1360 similitudinem,

88 1384 160 1430 oum
185 1368 347 1454 quodlibet
369 1369 487 1434 bonum
509 1382 646 1434 creatum
669 1369 707 1434 sit
731 1387 768 1432 er
780 1368 1012 1454 participatione

88 1453 214 1521 divinae
239 1457 392 1524 bonitatis.
416 1457 584 1523 intendunt
606 1459 698 1542 igitur
728 1477 777 1522 res
811 1455 946 1522 divinam
970 1459 1012 1522 si·

86 1544 298 1612 militudinem
320 1547 356 1611 in
380 1548 439 1612 hoe
472 1545 553 1632 quod
578 1549 638 1613 sint
662 1546 793 1610 aliorum
821 1565 942 1610 sensae.

153 1634 245 1711 ltem,
267 1635 413 1719 Ejusdem
435 1636 562 1701 rationis
586 1649 631 1702 est
654 1633 738 1722 quod
762 1633 888 1699 effeetus
904 1634 1009 1699 tendat

88 1720 119 1784 io
143 1725 380 1790 similitudinem
409 1727 526 1808 agentis
549 1738 579 1790 et
613 1723 697 1810 qnod
732 1743 827 1808 agens
862 1724 1009 1789 assimilet

87 1809 144 1875 sibi
168 1813 325 1879 ellectum
357 1814 468 1880 Tendit
491 1813 584 1898 igitur
621 1813 746 1878 effeetus
779 1812 811 1876 in
845 1811 941 1878 linem
976 1815 1007 1878 in

87 1917 184 1982 quem
208 1901 351 1986 dirigitur
373 1903 413 1968 ab
447 1915 566 1986 agente.
601 1903 703 1985 Agens
735 1915 839 1966 antem
876 1901 1008 1968 intendit

87 1988 145 2052 sibi
170 1991 342 2056 assimilare
365 1991 494 2078 patiens,
516 2010 581 2056 non
602 1991 704 2056 solum
726 1991 926 2078 qnantumad
940 2011 1013 2056 esse¹

87 2074 196 2160 ipsius,
219 2079 275 2145 sed
298 2081 390 2146 etiam
414 2093 564 2166 qnantum
599 2081 637 2144 ad
672 2080 892 2155 causalitatem3
930 2081 1008 2144 siout

88 2167 173 2232 enim
197 2169 237 2234 ab
261 2183 371 2254 agente
392 2167 593 2235 conseruntur
616 2168 736 2234 ellectui
770 2169 900 2234 naturali
924 2169 1008 2255 prio-

88 2254 166 2340 eipia
193 2278 248 2343 ρει
282 2279 361 2344 qnae
394 2258 541 2336 subsistit,
579 2259 618 2322 ita
654 2257 800 2344 principia
835 2277 890 2343 ρει
928 2278 1007 2343 quae

87 2343 220 2410 aliorum
261 2347 299 2412 sit
336 2368 428 2413 eausa
461 2347 523 2438 (l);
556 2349 634 2412 siout
670 2347 754 2411 enim
785 2346 1007 2424 animabamur

87 2449 274 2514 generatur,
312 2437 419 2522 accipit
453 2457 469 2501 a
504 2450 672 2521 generante
710 2437 853 2500 virtutem
885 2435 1006 2500 nutriti-

89 2539 187 2600 vam,
220 2525 260 2588 ita
295 2525 387 2589 etiam
424 2526 568 2591 virtutem
607 2525 839 2609 generativam.
878 2523 1008 2590 Elieotus

88 2608 182 2693 igitur
205 2611 303 2678 tendit
336 2614 366 2678 in
404 2614 636 2679 similitudinem
675 2613 803 2696 egentis,
838 2627 870 2678 ut
905 2627 1009 2678 osten·

88 2718 157 2766 sum
182 2715 238 2780 εει,
261 2721 323 2766 non
347 2703 446 2767 solnm
481 2717 631 2789 quantum
654 2701 693 2766 ad
733 2701 868 2786 speeiem
904 2703 1008 2786 ipsius,

89 2788 143 2853 sed
182 2793 274 2854 etiam
313 2804 463 2877 qnantum
502 2791 540 2856 ad
578 2793 637 2856 hoo
675 2789 759 2877 quod
801 2791 839 2855 sit
877 2789 1008 2854 aliorum

89 2895 192 2944 rausa.
215 2878 265 2944 Sie
288 2893 392 2945 antem
417 2879 548 2945 tendunt
571 2901 619 2944 res
642 2879 674 2944 in
700 2876 935 2944 similitudinem
951 2878 1009 2941 Dei

88 2964 167 3030 sieut
188 2967 313 3033 effeetus
337 2971 367 3032 in
407 2967 641 3032 similitudinem
675 2967 803 3050 agentis.
843 2966 1009 3031 intendunt

89 3052 182 3136 igitur
204 3075 253 3121 res
276 3057 458 3121 naturaliter
483 3056 645 3122 assimilari
669 3055 792 3119 Deoia
830 3055 889 3120 hoo
925 3055 1009 3142 quod

89 3158 159 3208 aunt
181 3163 292 3210 neusse
318 3146 459 3211 aliorum.
1006 3181 1007 3184 π

153 3231 327 3314 Praeterea,
351 3234 440 3300 Touo
465 3232 599 3304 maxime
623 3229 793 3319 perfeetum
827 3245 873 3298 est
897 3252 1009 3298 unum-

141 3370 182 3444 (l)
200 3371 272 3427 Siout
291 3379 359 3428 eninr
377 3375 409 3426 ab
428 3380 546 3446 ugente...
565 3371 680 3424 Elleetus
699 3371 827 3425 naturalis
845 3371 898 3426 duo
917 3374 1009 3443 accipit

90 3441 121 3494 ab
140 3447 245 3513 agente,
265 3445 439 3498 substantiam
462 3445 569 3514 seilicet,
588 3459 640 3515 qna
662 3441 790 3514 subsistit,
823 3449 849 3496 ει
884 3445 1009 3499 virtutem

92 3513 260 3587 causativum,
276 3533 329 3588 qua
345 3516 380 3588 fit
393 3533 480 3571 cansa.
