2462 3968
354 245 410 290 ιιιι.
434 244 474 291 ιιι.
498 243 561 292 ute.
586 245 689 290 uxxtv.
931 228 997 312 tto

79 315 206 393 tionem,
228 311 392 400 recipietur
422 313 452 380 in
488 313 625 401 quolibet
660 312 831 380 secundum
867 317 997 385 modum

77 403 132 468 sibi
155 403 329 490 propriom;
352 403 429 467 sicut
453 403 593 468 videmus
616 403 699 489 quod
738 402 858 469 diversa
882 407 998 474 anima·

77 491 114 556 lia
137 490 254 556 babent
276 489 396 556 diuersa
421 503 559 578 tempora
583 505 614 556 et
637 491 773 558 diversos
788 493 898 558 modos
913 515 998 560 com·

76 579 231 644 mixtionis
258 579 431 645 secundum
455 580 690 666 congruentiam
714 601 788 646 suae
811 595 950 660 naturam
966 597 999 650 ut

75 669 252 734 Aristotelea
275 667 348 732 dicit
370 668 440 754 (de
461 669 541 734 llist.
565 669 697 736 Animal.
722 669 753 748 b,
776 691 802 734 c.
827 671 887 757 7).
912 671 999 738 Reci-

76 757 158 842 pient
181 777 258 842 crgo
282 757 453 822 intellectus
477 771 507 822 et
530 758 672 824 voluntas
707 759 943 846 impressionem
964 761 1000 827 il·

75 845 130 911 lius
153 845 263 912 stellae
286 845 457 912 secundum
480 847 613 922 modum
637 867 739 913 suum.
778 847 855 912 Cum
896 862 999 916 autem

75 935 189 1021 aliquid
214 935 368 1022 appetitur
397 937 567 1000 secundum
603 937 730 1000 modum
771 936 947 1002 intellectus
969 952 1000 1004 ει

74 1024 213 1101 rationis,
238 1044 299 1088 non
324 1023 432 1088 accidit
467 1038 626 1110 peccatum
663 1026 695 1089 in
718 1023 878 1104 electione,
917 1046 998 1112 quae

76 1111 201 1198 quidem
226 1132 350 1198 semper
372 1131 409 1178 ct
432 1112 491 1178 boc
514 1113 595 1178 mala
618 1113 771 1198 estquod
794 1133 857 1178 non
888 1128 934 1179 est
950 1136 997 1182 se·

77 1200 214 1266 eundum
239 1202 391 1268 rationem
413 1214 538 1266 rectam.
562 1201 630 1266 Non
669 1203 771 1288 igitur,
807 1203 832 1266 si
866 1223 997 1291 corpora

76 1289 218 1354 caelestia
242 1304 344 1356 esseut
366 1310 457 1356 causa
481 1289 667 1356 electionum
705 1305 894 1370 nostrarum,
918 1307 998 1372 esset

78 1397 214 1466 unquam
238 1379 271 1444 in
294 1378 382 1444 nobis
406 1378 514 1443 electio
537 1378 629 1444 mala.

140 1467 293 1554 Amplius,
314 1466 403 1532 Nulla
428 1467 522 1532 virtus
546 1468 642 1532 activa
668 1487 702 1532 se
741 1467 875 1532 extendit
899 1469 938 1534 ad
961 1489 997 1536 ea

79 1575 156 1640 quae
179 1569 251 1622 sunt
274 1577 366 1642 supra
390 1556 524 1642 speciem
548 1571 579 1620 et
602 1569 744 1621 naturam
768 1559 896 1640 agentis,
919 1577 998 1644 quae

79 1663 169 1709 οιιιιιε
194 1665 290 1728 agens
313 1645 375 1728 egit
398 1665 452 1731 per
475 1663 564 1710 suam
613 1643 756 1710 formam.
798 1644 859 1710 Sed
897 1646 999 1733 ipsum

80 1733 157 1798 uelle
180 1733 368 1800 transcendit
391 1752 516 1798 omnem
540 1733 673 1820 speciem
695 1733 898 1820 corporalem,
922 1735 1018 1802 sicut'

81 1834 109 1884 et
130 1823 234 1912 ipsum
259 1821 440 1906 intelligere
463 1822 541 1888 sicut
568 1823 649 1886 enim
690 1821 891 1906 intelligimus
930 1827 999 1890 uni·

81 1911 220 1986 versalia,
245 1911 286 1976 ita
310 1923 340 1976 et
362 1910 503 1976 uoluntas
523 1925 629 1976 nostra
654 1911 684 1974 in
709 1909 834 1996 aliquod
873 1914 998 1980 univer-

83 1998 143 2062 sale
165 1992 275 2074 le'rtur,
297 2013 370 2086 puta
394 1999 517 2064 odimus
541 2019 634 2064 omne
657 1999 809 2064 latronum
835 2020 942 2085 genus,
959 2017 1000 2086 ¹nt
1110 2063 1112 2069 .

82 2084 288 2174 Philosophus
311 2086 382 2152 dicit
405 2087 535 2171 (Rhet,
559 2089 578 2154 l.
602 2087 634 2166 2,
656 2109 682 2152 c.
707 2087 766 2174 tl).
807 2088 951 2156 Nostrum
974 2093 999 2156 i-

82 2175 161 2259 gitur
176 2177 257 2242 velle
280 2197 342 2241 non
366 2190 509 2242 causatur
530 2198 547 2241 a
570 2197 699 2261 corpore
732 2177 865 2242 caelesti.

145 2265 321 2344 Praeterea,
345 2265 432 2346 Quae
454 2277 525 2330 sunt
548 2264 586 2329 ad
610 2265 704 2330 finem
729 2267 999 2353 proportionantur

83 2351 143 2417 lini.
166 2355 338 2432 Electiones
361 2369 464 2418 autem
488 2354 642 2418 humanae
665 2353 847 2420 ordinantur
880 2355 919 2420 ad
956 2355 999 2422 l·

83 2437 228 2508 licitatem
250 2443 330 2508 sicut
353 2442 392 2508 ad
416 2442 558 2508 ultimum
583 2441 688 2520 linem,
711 2443 918 2530 ‹puacquidem
933 2465 999 2511 non

85 2532 221 2598 consistit
244 2532 275 2596 in
299 2531 452 2616 aliquibus
474 2531 684 2618 corporalibus
711 2531 811 2609 bonis,
822 2531 878 2598 sed
890 2533 921 2598 in
939 2534 999 2600 hoc

85 2620 164 2702 quod
190 2621 293 2686 anima
317 2619 522 2705 conjungatur
546 2641 601 2707 per
623 2618 811 2686 intellectum
835 2623 928 2686 rebus
955 2623 1000 2688 di·

85 2707 171 2786 uinis,
196 2723 229 2774 ut
252 2729 345 2795 supra
368 2709 409 2795 (c.
432 2709 487 2788 db,
509 2709 549 2774 57
589 2721 619 2774 et
652 2713 733 2795 seq.)
758 2723 916 2774 ostensum
943 2725 1000 2790 εει,

86 2808 146 2862 tunt
189 2798 361 2864 secundum
385 2798 568 2862 sententiam
593 2797 663 2862 lidei
698 2817 790 2883 quam
827 2797 1000 2864 secundum

86 2884 341 2974 pbilosophorum
363 2887 533 2974 opiniones.
570 2884 705 2972 Corpora
744 2888 835 2970 igitur
849 2886 999 2954 ‘caelestia

88 2991 148 3038 non
172 2989 301 3062 possunt
324 2995 391 3042 esse
414 2995 506 3040 causa
529 2973 712 3040 electionum
737 2989 922 3041 nostrarum.

152 3063 230 3130 llinc
251 3078 298 3130 est
319 3064 401 3150 quod
424 3063 544 3128 dicitur:
565 3063 592 3128 A
615 3062 801 3148 aipniscoeli
822 3066 917 3129 nolite
938 3085 1000 3130 me·

91 3159 267 3238 toarcense
280 3153 385 3218 tinient
398 3163 511 3238 pentec,
526 3153 598 3238 quin
610 3153 689 3238 lepos
697 3153 885 3238 populorum
900 3174 1000 3220 conoe

90 3253 169 3321 aunt,
191 3244 315 3321 ierem„
342 3242 393 3322 tb,
416 3241 484 3306 2-5.

154 3332 213 3397 Per
249 3332 308 3398 boo
345 3343 448 3396 autem
486 3328 659 3396 excluditur
681 3328 792 3416 positio
815 3329 1000 3412 Stoicorum,

92 3417 141 3502 qui
158 3419 312 3507 ponebant
323 3439 431 3485 omnes
444 3431 529 3484 actus
544 3431 664 3484 nostros
681 3434 711 3483 et
726 3421 818 3484 etiam
835 3421 999 3488 electiones

82 3521 206 3589 ‘nostras
229 3508 399 3577 secundum
437 3527 566 3598 corpora
590 3507 732 3577 caelestia
755 3508 888 3600 disponi.
913 3511 999 3594 Quae
