2514 3972
429 261 485 311 sta.
510 269 550 315 m.
574 267 638 314 esa.
663 265 729 312 cxx.
973 243 1039 312 565

107 333 247 406 seeundo
270 332 373 412 etiam,
397 337 581 421 quibusdam
612 335 791 403 substantiis
820 333 1035 402 intellectuali·

107 428 179 506 bus,
200 443 277 512 quas
299 424 400 490 unitas
423 444 493 492 esse
515 426 683 493 eredebant
719 422 904 511 emporibus
926 425 1036 504 aereis,

109 537 188 606 quos
210 513 380 580 daemones
403 533 471 579 esse
494 516 646 594 dicebant,
675 529 706 581 et
722 527 838 594 tamen,
853 512 926 597 quia
942 533 1035 600 supra

109 605 254 673 homines
276 621 330 668 eos
345 621 413 668 esse
429 603 607 684 eredebant,
631 606 831 691 siouteorpus
843 621 970 666 aereum
990 613 1037 667 est

109 715 202 782 supra
226 704 381 772 terrestre,
404 693 582 779 hujusmodi
606 695 699 760 etiam
723 691 909 759 substantias
932 689 1038 756 eolen·

110 783 165 852 das
189 782 293 849 divino
316 782 400 847 eultu
423 783 462 849 ab
485 780 663 850 hominibus
676 781 843 871 ponebant,
855 793 886 844 et
902 779 933 844 in
949 797 1036 845 nom·

109 871 270 962 paratione
293 868 333 936 ad
357 871 500 938 homines
513 873 589 939 deos
612 873 680 939 illos
697 892 765 938 esse
778 869 931 946 dicebant,
947 868 1035 955 quasi

110 961 233 1028 medios
255 959 336 1024 inter
358 959 501 1026 homines
525 975 555 1028 et
578 962 665 1038 deos;
688 974 719 1028 et
741 962 812 1048 quia
835 959 955 1024 animas
979 957 1036 1023 bo-

111 1069 236 1128 norum,
272 1067 328 1133 per
365 1049 425 1115 boe
447 1051 532 1136 quod
569 1069 742 1138 aoorpore
776 1060 968 1135 separantur,
1003 1047 1035 1112 in

109 1153 224 1206 statum
254 1135 395 1204 altiorem
429 1159 522 1226 quam
557 1142 594 1206 sit
617 1153 715 1205 status
749 1137 919 1225 praesentis
955 1136 1035 1201 vitae

110 1223 242 1294 transire
256 1227 434 1317 eredebant,
450 1229 543 1294 etiam
560 1229 722 1295 animabus
739 1239 945 1303 mortuorum,
958 1245 1035 1311 quas

109 1317 222 1383 heroas
245 1328 298 1381 aut
320 1329 428 1381 manes
451 1319 615 1395 vocabant,
646 1318 784 1383 diuinum
808 1315 924 1380 cultum
948 1313 1035 1379 exbi-

108 1405 248 1472 bendum
271 1423 340 1470 esse
360 1405 579 1491 opinabantur.
596 1407 731 1490 Quidam
749 1404 950 1476 serapeum
967 1421 1036 1468 esse

109 1495 246 1560 animam
270 1493 379 1559 mundi
403 1496 610 1572 aestimantes,
641 1495 839 1561 erediderunt
872 1490 956 1576 quod
980 1492 1035 1556 toti

109 1583 229 1650 mundo
241 1595 271 1649 et
287 1582 415 1667 singulis
426 1581 493 1669 ejus
506 1585 643 1672 partibus
659 1598 740 1650 esset
754 1581 855 1647 cultus
870 1579 1035 1646 diuinitatis

110 1672 316 1748 exhibendum
331 1691 394 1736 non
419 1685 522 1738 tamen
539 1688 665 1761 propter
686 1691 808 1758 eorpus,
830 1668 886 1735 sed
909 1681 1036 1756 propter

112 1761 260 1836 animam,
275 1781 369 1848 quam
392 1761 494 1827 Deum
519 1783 586 1828 esse
609 1763 761 1839 dicebant3
777 1761 855 1825 sieut
870 1771 900 1824 et
916 1756 1035 1824 bomini

110 1850 240 1937 sapienti
259 1851 359 1916 bonor
371 1849 543 1930 exhibetur,
554 1873 615 1918 non
629 1863 755 1940 propter
766 1867 888 1935 eorpus,
900 1846 954 1912 sed
963 1867 1035 1934 pro·

109 1951 180 2026 pter
191 1939 337 2005 animam.
354 1937 488 2020 Quidam
505 1957 579 2006 vero
591 1942 683 2007 etiam
696 1961 731 2006 ea
749 1957 827 2026 quae
845 1935 922 2002 inira
935 1935 1036 2002 bomi-

106 2047 181 2094 nem
204 2041 276 2095 sunt
293 2029 465 2094 seeundum
482 2045 623 2096 naturam
645 2029 763 2095 bomini
777 2039 881 2101 tamen
905 2023 1035 2101 colenda

106 2135 177 2183 esse
200 2115 344 2184 dieebant
366 2117 472 2183 divino
494 2119 590 2198 cultu,
616 2121 801 2205 inquantum
825 2116 857 2179 in
879 2115 924 2180 eis
940 2113 1035 2202 parti·

107 2206 229 2292 eipatur
252 2205 367 2293 aliquid
391 2207 510 2272 virtutis
532 2208 701 2295 superioris
735 2218 875 2281 naturae,
898 2214 938 2279 et,
962 2221 1034 2268 eum

108 2295 260 2380 quasdem
283 2296 434 2380 imagines
461 2317 516 2382 per
550 2297 692 2361 homines
716 2295 809 2361 laetas
844 2291 945 2356 sortiri
968 2309 1035 2358 ere·

109 2383 220 2450 derent
257 2385 391 2471 aliquam
424 2383 568 2452 virtutem
602 2382 880 2470 supernaturalem,
914 2379 963 2446 vel
997 2399 1035 2445 ex

110 2472 271 2538 influentia
294 2473 472 2540 caelestium
506 2493 672 2560 corporum
706 2473 754 2539 vel
788 2490 825 2537 ex
859 2469 1033 2554 praesentia

109 2561 286 2649 aliquorum
319 2563 495 2650 spirituum,
530 2561 672 2637 dicebant
695 2561 742 2627 bis
777 2558 963 2645 imaginibus
987 2557 1034 2624 di-

109 2651 219 2716 vinum
230 2651 347 2718 cultum
360 2671 428 2717 esse
443 2651 669 2728 exhibendum,
683 2670 759 2735 quas
771 2649 863 2714 etiam
881 2646 1034 2732 imagines

109 2738 187 2804 deos
207 2741 369 2820 vocabant,
405 2757 530 2826 propter
564 2739 647 2827 quod
681 2751 712 2804 et
747 2736 927 2803 idololatrae
961 2749 1034 2802 sunt

109 2827 194 2907 dicti,
217 2829 288 2914 quia
311 2830 418 2895 latriae
441 2831 560 2895 uultum
589 2829 690 2906 idolis,
713 2826 744 2891 id
767 2839 813 2893 est
836 2824 1035 2909 imaginibus,

107 2916 340 3006 impendebant.

175 3005 228 3072 Est
249 3021 353 3073 autem
371 3005 580 3072 irrationabile
597 3005 782 3092 ponentibus
799 3025 897 3074 unum
914 3021 1034 3076 tantum

106 3094 293 3182 principium
316 3110 494 3182 separatum
519 3095 635 3159 cultum
670 3093 811 3160 divinum
835 3098 922 3162 alteri
948 3099 1034 3164 exhi·

107 3181 192 3249 bere.
216 3182 339 3250 Cultum
364 3185 447 3249 enim
463 3184 540 3262 Deo,
573 3182 767 3263 exhibemus,
790 3197 824 3250 ut
847 3186 1035 3253 dictumest

108 3271 167 3359 (e.
191 3271 291 3359 llll),
315 3291 379 3338 non
413 3274 483 3358 quia
511 3273 578 3359 ipse
602 3273 661 3337 hoe
685 3272 833 3358 indigeat,
867 3275 922 3342 sed
945 3288 979 3342 ut
1001 3277 1033 3342 in

108 3360 203 3426 nobis·
222 3361 363 3428 firmetur
386 3363 478 3427 etiam
503 3381 558 3448 per
584 3360 740 3427 sensibilia
758 3362 863 3447 opinio
888 3383 959 3442 vera
994 3364 1034 3430 de

108 3448 187 3515 Deo.
211 3449 324 3538 Opinio
348 3463 450 3516 autem
474 3451 514 3516 de
549 3451 608 3516 hoa
641 3450 725 3536 quod
760 3451 844 3518 Deus
878 3453 917 3518 sit
953 3473 1034 3520 unus

105 3559 202 3626 supra
225 3540 330 3608 omnia
354 3540 514 3621 exaltatus,
548 3559 604 3628 per
638 3539 794 3608 sensibilia
817 3541 934 3610 firmari
969 3563 1033 3610 non
