2516 3968
453 259 510 308 nra.
532 262 574 308 m.
597 261 662 308 tan
685 259 749 308 etv.
981 241 1067 308 tta·

126 329 247 410 bouum,
268 328 408 414 pertimet
429 350 524 415 usque
547 333 581 396 iu
602 333 686 396 diem
707 332 779 396 leau
816 329 941 409 Cbrieti,
976 330 1048 398 Phi·

123 419 210 507 lipgu,
235 419 265 498 1,
288 417 319 494 6;
342 431 381 484 et:
405 417 489 484 Deus
511 421 610 486 arania
633 421 765 506 gratiae,
787 420 840 504 qui
860 421 1048 486 aarauitnaa

123 509 157 574 iu
179 518 338 576 aeternam
360 507 492 593 gloriam
514 511 659 574 suumin
685 509 805 573 Cbrista
842 507 924 587 lesu,
945 509 1044 574 madi·

124 617 193 662 eum
215 616 326 683 puseus
346 595 412 680 ipse
433 599 579 681 perficiet,
601 597 795 685 eottfirmabit
828 595 1046 682 solidabitque,

126 685 141 752 1
169 684 317 764 aaut,
341 685 393 750 10.
417 685 615 752 inveniuntur
648 687 740 752 etiam
775 686 806 750 in
841 706 926 751 saera
964 685 1046 752 Seri·

122 788 212 862 ptura
236 773 351 840 multae
374 775 529 840 orationes
566 776 677 862 quibus
700 797 717 840 a
752 775 819 840 Deo
842 775 955 861 petitur
977 795 1048 862 per-

123 862 311 942 severantia,
333 863 411 928 sieut
434 863 464 928 in
489 863 658 930 Psalmista:
684 864 799 951 Perfice
820 883 943 949 gressus
963 877 1064 930 mear·

123 952 156 1016 iu
180 952 299 1017 remitit
324 952 395 1030 tuis,
422 963 459 1017 ut
490 973 549 1017 aaa
584 965 765 1018 moveamur
800 953 930 1038 uestigia
968 973 1047 1030 mea,

122 1039 250 1120 Psalm.,
274 1039 326 1119 tb,
349 1040 380 1117 te
403 1055 444 1104 et:
466 1042 554 1106 lesus
581 1043 730 1114 cbristus,
754 1053 785 1106 et
808 1041 890 1106 Deus
905 1053 934 1106 et
950 1039 1047 1144 Pater

121 1140 269 1206 uastam,
284 1130 461 1195 exhortatur
472 1131 569 1195 corda
583 1143 686 1196 uestra
701 1142 731 1194 et
745 1129 907 1214 confirmet
917 1131 949 1195 iu
962 1150 1045 1196 amnt

122 1239 213 1302 apere
228 1230 258 1284 et
268 1238 408 1284 sermone
420 1217 506 1297 baua,
519 1219 540 1284 1
552 1219 690 1286 Thessal.
703 1220 734 1297 2,
754 1219 862 1285 1516.
877 1219 939 1285 Hae
951 1221 1044 1284 etiam

122 1305 224 1392 ipsum
248 1307 279 1373 in
303 1309 441 1372 aratione
464 1308 618 1373 dominica
643 1310 764 1394 petitur,
803 1308 936 1372 maxime
971 1327 1043 1373 eum

122 1395 242 1462 dieitur:
265 1394 418 1462 Adaetdut
439 1417 567 1482 regnum
602 1409 699 1472 tuum;
738 1417 799 1462 non
835 1396 918 1460 enim
954 1396 1045 1462 nobis

122 1484 263 1550 adveniet
285 1503 416 1568 regnum
440 1485 508 1563 Dei,
531 1485 588 1550 uisi
624 1487 654 1551 in
694 1487 777 1550 bono
801 1483 950 1550 fuerimus
975 1505 1043 1567 per·

120 1587 306 1639 severames.
330 1573 520 1640 Derisarium
544 1587 647 1641 autem
674 1587 754 1638 esset
794 1573 911 1659 aliquid
934 1595 951 1638 a
975 1574 1044 1639 Dea

122 1675 228 1750 petere
250 1661 338 1748 eujus
360 1663 426 1747 ipse
449 1662 538 1727 datar
561 1683 622 1728 nan
646 1677 735 1728 esset.
761 1661 813 1727 Est
847 1663 941 1748 igitur
972 1682 1044 1751 per·

122 1751 293 1816 severantia
317 1751 451 1816 bominis
474 1772 490 1815 a
514 1751 590 1817 Deo.

189 1839 249 1904 Per
270 1838 330 1905 hoe
353 1853 454 1906 autem
479 1840 650 1906 excluditur
673 1859 760 1904 error
793 1839 1044 1924 pelagianorum,

121 1928 175 2012 qui
197 1927 340 1994 dixerunt
362 1930 444 2014 quod
468 1929 506 1994 ad
530 1929 789 2016 perseverandum
812 1928 842 1994 i'n
875 1929 956 1993 bano
979 1927 1044 1996 sul·

120 2016 184 2082 tiait
208 2017 325 2082 bomini
351 2017 483 2085 liberum
506 2019 677 2098 arbitrium,
701 2039 758 2085 nee
783 2017 822 2084 ad
845 2018 906 2084 hae
928 2016 1044 2105 indiget

3 2111 4 2138 ¹
121 2105 235 2172 auxilia
258 2105 384 2190 gratiae.

186 2193 353 2260 Sciendum
377 2206 478 2259 tamen
502 2195 670 2282 estquod,
703 2193 849 2260 camille
887 2193 940 2277 qui
974 2211 1045 2276 gra·

120 2282 194 2348 tiam
218 2281 310 2348 babet
333 2296 414 2370 petat
437 2303 454 2346 a
480 2282 546 2347 Deo
581 2298 614 2348 ut
652 2294 848 2369 perserveret*
880 2279 911 2344 in
951 2280 1045 2357 bano,

120 2373 199 2437 sieut
220 2371 351 2438 liberum
380 2371 539 2436 arbitrium
572 2393 634 2437 tran
658 2370 771 2436 suflicit
794 2371 833 2434 ad
872 2369 963 2434 istum
1002 2369 1045 2436 el·

121 2460 236 2526 laetum
260 2461 311 2546 qui
334 2475 380 2525 est
402 2461 652 2548 perseverarem
678 2460 773 2537 bano,
795 2459 861 2523 sine
899 2458 1044 2524 exteriori

121 2549 179 2615 Dei
202 2549 326 2626 auxilio,
348 2549 388 2614 ita
412 2569 470 2614 nee
492 2549 532 2614 ad
557 2551 616 2614 liae
638 2549 751 2613 sullieit
787 2547 898 2632 aliquis
922 2547 1044 2612 babitus

122 2638 212 2704 nubis
235 2637 362 2704 inlusus.
385 2637 511 2704 Habitus
534 2640 617 2704 enim
641 2638 693 2722 qai
716 2637 805 2701 nabis
839 2635 1045 2701 infunduntur

121 2726 276 2806 divinitus,
299 2727 469 2793 secundam
505 2740 617 2792 statum
656 2725 824 2810 praesentis
862 2725 951 2802 vitae,
981 2743 1045 2789 non

121 2814 264 2880 auferunt
286 2836 303 2880 a
326 2815 424 2881 libero
447 2814 573 2881 arbitria
597 2815 728 2880 totaliter
762 2813 964 2879 mobilitatem
1004 2812 1044 2878 ad

120 2903 248 2982 malum,
272 2904 341 2969 lieet
364 2923 494 2991 pereas
517 2904 648 2970 liberum
672 2902 832 2967 arbitrium
872 2900 1044 2986 aliqualiter

119 2993 290 3058 stabiliatur
312 2992 344 3056 in
369 2993 460 3058 bano.
485 2993 520 3058 Et
545 2993 626 3069 ideo,
650 3012 720 3056 euin
738 2991 868 3054 di'eimus
884 2989 1044 3056 bominem

119 3081 269 3165 indigere,
292 3081 330 3146 ad
355 3081 597 3168 perservandam
625 3080 768 3157 finaliter,
783 3078 895 3146 auxilio
917 3079 1045 3162 gratiae,

120 3191 183 3235 non
208 3169 405 3254 intelligimus
440 3168 523 3255 quad
552 3189 646 3256 super
684 3169 815 3249 gratiam
853 3164 1044 3232 habitualem

120 3260 205 3346 prius
229 3257 360 3324 infusam
384 3256 423 3322 ad
461 3259 540 3323 bene
578 3260 784 3345 operandum,
817 3255 875 3320 alia
911 3253 1046 3341 desuper

121 3346 301 3413 infundatur
323 3346 361 3410 ad
385 3347 657 3433 perseverandum
674 3346 727 3410 sed
741 3344 942 3429 intelligimus
958 3342 1043 3426 quod

123 3436 234 3502 habitis
256 3433 401 3500 amnibus
424 3435 579 3500 habitibus
616 3435 764 3520 gratuitis,
788 3433 890 3498 adhue
926 3431 1043 3516 indiget

123 3519 1041 3613 hamadivinaeprevidentiaeauxilioexteriusguberuaatis.
