2494 3970
411 265 467 311 nie.
491 267 521 312 ιιι
556 267 618 312 uae.
648 269 685 312 ιιι.
715 269 749 312 nr
778 269 805 312 x.
980 247 1050 316 ,⁶29

135 351 170 404 ut
202 348 286 402 sexta
320 333 398 400 ratio
428 336 625 422 procedebat.
659 336 714 402 sed
748 359 785 402 aa
823 337 942 402 rarione
977 339 1048 422 quia

135 426 247 493 dieitur
280 423 364 511 quod
388 443 437 489 res
460 425 561 512 aliqua
597 425 677 490 mala
701 441 748 492 est
771 427 836 513 ipso
858 426 952 502 mato,
974 427 1052 491 siunt

134 517 269 582 caecitas
293 526 324 578 et
347 513 502 598 quaelibet
525 516 653 602 privatio
676 535 745 580 esse
768 515 890 592 dieitur,
905 515 1052 602 quinarii-

132 605 198 670 mal
222 603 369 670 caecitate
393 616 439 667 est
461 623 598 669 caecum.
624 604 682 668 Ens
705 605 788 668 enim
816 603 978 690 dupliciter
1005 603 1052 668 di·
1106 673 1107 680 χ

131 696 225 772 citor,
259 705 292 758 ut
326 689 533 779 Philosophus
570 693 662 758 docet
682 693 879 779 (Metaphys.
915 693 945 770 5,
981 707 1052 757 text.

131 803 248 848 eornm.
274 780 351 865 rt):
378 781 444 845 Uno
468 781 572 860 modo,
595 782 765 847 seeundum
791 780 875 867 quod
899 781 1053 866 signifieat

131 871 299 936 essentiam
324 869 367 934 eei
384 881 414 934 et
436 869 648 958 diuiditurper
663 871 770 936 decern
796 870 1053 957 praedicamenta,

134 975 168 1026 et
202 960 244 1025 sie
281 958 365 1024 nulla
406 959 535 1045 privatio
568 973 669 1046 potest
689 961 749 1025 diei
774 981 842 1034 eos:
866 959 926 1024 alio
948 960 1054 1035 modo,

132 1049 307 1116 secundum
338 1047 424 1135 quod
459 1047 609 1134 signifieat
643 1051 801 1114 veritatem
824 1049 1054 1136 compositionis

130 1136 198 1222 tt),
223 1151 252 1202 et
274 1137 318 1202 sie
340 1137 457 1210 mnium
481 1151 512 1202 et
535 1138 663 1226 privatio
687 1139 798 1203 dieitur
821 1157 876 1203 ens
904 1139 932 1202 in
956 1159 1052 1224 quan·

133 1241 201 1292 tum
225 1225 395 1313 privatione
416 1225 529 1294 dieitur
551 1226 666 1314 aliquid
689 1247 756 1293 esse
780 1225 965 1313 privatum

472 1403 643 1469 CAPUT
677 1405 716 1470 X.

328 1583 417 1664 Qiiod
440 1603 535 1648 cuneo
559 1583 636 1647 meli
658 1593 703 1648 eat
737 1582 861 1648 donum.
1013 1672 1056 1724 ”q

202 1762 243 1826 Ex
263 1760 443 1847 praemissis
457 1773 560 1828 autern
584 1759 724 1826 ooneludi
748 1774 848 1848 potest
881 1759 964 1848 quod
989 1781 1053 1828 ma·
1112 1853 1118 1862 Ι

134 1851 200 1916 lum
224 1870 286 1915 non
310 1864 457 1914 causatur
479 1851 538 1914 nisi
562 1871 579 1914 a
603 1849 698 1916 bono.

202 1937 234 2003 Si
258 1939 342 2002 eninr
367 1938 494 2024 aiicujus
517 1939 589 2006 mali
615 1953 660 2006 est
684 1959 775 2005 «rausa
811 1939 926 2004 malurn
962 1944 1054 2026 (rna-

139 2027 202 2092 tum
226 2041 340 2105 autem,
363 2041 396 2092 ut
419 2027 584 2114 probatum
606 2042 654 2094 est
674 2031 731 2114 (a.
747 2027 768 2093 9
785 2029 809 2114 )‚
834 2049 896 2093 non
919 2030 981 2112 agit
998 2029 1054 2092 nisi

135 2117 245 2181 virtute
270 2115 343 2180 boni
358 2123 382 2200 ),
405 2131 526 2204 oportet
549 2118 649 2204 ipsum
673 2119 790 2184 bonum
824 2137 891 2182 esse
929 2137 1054 2181 eausam

133 2205 314 2291 primariam
339 2205 422 2269 mali.
880 2286 883 2292 Ι

198 2295 317 2366 Adhuc,
333 2292 425 2375 Quod
449 2315 511 2359 non
536 2307 591 2372 est,
604 2295 717 2362 nultius
730 2307 776 2360 est
794 2315 896 2360 eausa.
914 2291 1049 2358 Omnem

132 2383 226 2466 igitur
249 2403 373 2448 causant
397 2398 518 2470 oportet
542 2403 609 2448 esse
633 2405 688 2450 ens
711 2383 848 2470 aliquod.
861 2383 974 2448 Maium
1000 2403 1054 2446 au-

134 2485 196 2535 tern
222 2493 284 2536 non
309 2486 355 2536 est
379 2492 432 2536 ens
457 2472 591 2558 aliquod,
627 2487 659 2538 ut
689 2474 852 2559 probatum
887 2485 933 2537 est
957 2481 968 2542 t
982 2482 1009 2536 a.
1033 2473 1053 2536 7

135 2573 165 2623 at
188 2557 246 2641 9).
269 2560 382 2626 Malum
408 2561 499 2645 igitur
521 2582 584 2630 non
602 2575 701 2648 potest
718 2560 927 2646 essealioujua
950 2579 1052 2625 eausa.

136 2647 265 2735 Oportet
288 2650 392 2733 igitur,
413 2652 438 2715 si
462 2651 500 2717 ab
525 2651 628 2738 aliquo
651 2663 794 2717 causatur
818 2651 947 2728 malurn,
969 2653 1052 2736 qnod

135 2738 210 2804 iilud
234 2740 272 2802 sit
295 2738 421 2803 bonurn.
835 2761 837 2765 ·

201 2827 289 2904 item,
312 2827 470 2914 Quidquid
494 2841 540 2894 est
561 2830 688 2916 proprie
727 2842 757 2894 et
781 2849 835 2916 per
870 2847 903 2891 se
927 2827 1054 2913 aiicujus

133 2933 224 2980 eausa
249 2917 345 2982 tendit
368 2917 399 2982 in
423 2919 584 3004 proprium
612 2917 806 2984 effeetum2si
822 2917 914 3002 igitur
938 2915 1054 2982 malunt

185 3057 225 3124 tt)
247 3055 387 3108 Veritatem
413 3056 643 3123 composittooie,i.
673 3072 695 3108 e.
706 3057 844 3110 raritatem
874 3057 1061 3126 propositionis

133 3141 181 3194 per
199 3127 358 3178 intellectum
377 3133 565 3195 componentem
585 3133 610 3178 et
628 3128 783 3180 diuidentem
802 3125 938 3180 formatae,
956 3157 990 3164 -
1013 3129 1061 3180 Lo-

131 3213 191 3248 cum
208 3197 353 3251 Aristotelis
371 3198 398 3250 in
417 3203 491 3250 textu
509 3199 649 3265 allegatum
668 3213 801 3268 exponens
824 3197 851 3252 S.
880 3197 1003 3266 Thomas,
1034 3201 1062 3252 in

132 3283 181 3319 suo
198 3268 402 3335 Commentario,
418 3271 455 3323 sia
479 3269 592 3338 explieat
609 3270 680 3340 quod
710 3271 744 3322 ad
775 3269 934 3338 privationes
957 3274 1061 3326 attinet:

137 3358 150 3386 ιι
169 3337 238 3404 Quia
254 3341 351 3410 aliquid
375 3341 446 3411 quod
463 3347 504 3392 ast
521 3342 548 3392 in
563 3355 590 3392 se
609 3357 662 3396 non
679 3357 725 3398 ens
744 3339 891 3394 intellectus
914 3344 1061 3396 considerat

132 3415 163 3462 ut
180 3411 311 3479 quoddam
330 3428 385 3479 ons,
404 3414 471 3464 sicut
488 3412 650 3480 negationem
669 3419 696 3464 et
713 3412 873 3480 hujusmodi,
891 3413 949 3467 ideo
978 3431 1062 3486 quan·

132 3482 219 3551 doque
238 3498 294 3536 esse
330 3483 427 3536 dieitur
445 3485 477 3536 de
496 3483 650 3554 aliquo'hoc
668 3485 782 3536 seeundo
807 3486 883 3536 modo
911 3505 936 3553 o,
964 3485 1061 3540 scilicet

132 3553 276 3609 seeundum
296 3555 368 3624 quod
386 3555 514 3625 signifieat
533 3555 669 3610 veritatem
688 3555 889 3627 compositionis.

1173 3120 1179 3148 Ι
1206 3145 1209 3152 ,
