2514 3972
208 221 272 287 580
430 240 486 286 un.
510 242 551 286 ιιι.
575 239 639 288 ιιι.
664 241 759 287 cxxiv.
783 239 820 283 nr
843 237 928 284 cxxv.

207 313 311 376 autern
334 309 482 388 masculo,
504 310 584 376 inter
618 310 722 376 omnia
763 308 919 382 animalia,
954 305 993 372 sit
1029 307 1131 392 magis

207 418 282 465 cura
304 397 344 462 dc
367 398 461 484 prolis
483 398 515 463 in
537 399 641 485 specie
650 399 810 477 thuscana,
848 393 1045 464 manifestum
1083 409 1131 460 est

208 485 292 573 quod
314 487 453 552 naturale
465 501 512 552 cst
528 486 645 552 bomini
668 487 753 572 quod
777 507 856 553 unus
879 506 946 552 mas
969 503 1065 552 unam
1087 483 1130 550 lc·

208 576 325 654 minam
349 575 472 654 habeat,
488 589 518 642 ct
538 596 730 642 econverso.

275 664 393 744 Adbuc,
416 663 554 730 Amicitia
577 666 607 730 iu
632 664 765 751 quadam
780 663 965 752 aequalitate
983 661 1133 728 consistit.

209 751 242 818 Si
265 753 358 839 igitur
381 753 502 820 mulieri
524 761 588 820 hon
610 753 680 819 licct
704 754 820 820 habere
835 753 939 840 plures
952 751 1044 830 viros,
1060 751 1132 838 quio

210 841 269 907 hoc
293 854 338 908 est
361 856 466 908 contra
489 842 705 938 cqrtitudinem
745 842 850 928 prolis,
886 842 993 908 liceret
1026 854 1133 906 autem

210 931 276 996 viro
301 929 416 995 habere
438 931 542 1016 plures
566 951 688 1006 uxores,
713 951 777 996 non
800 943 881 998 esset
905 928 1039 996 liberalis
1056 929 1134 994 ami·

211 1018 281 1084 citia
306 1019 409 1084 uxoris
432 1019 470 1084 ad
494 1020 606 1097 virum,
629 1021 685 1086 sod
708 1019 795 1106 quasi
818 1019 947 1085 servilis.
985 1018 1021 1084 Et
1056 1017 1134 1084 baec

211 1107 305 1172 etiam
328 1109 405 1173 ratio
428 1108 641 1194 experimento
663 1108 893 1196 comprobatur,
929 1107 1013 1193 quia,
1050 1098 1134 1193 apud
1238 1120 1239 1148 t

212 1195 294 1351 qiqqs
319 1195 467 1264 habentes
489 1196 594 1283 plures
617 1217 739 1276 uxores,
762 1217 874 1264 uxores
896 1196 983 1283 quasi
1003 1195 1135 1262 ancillae

236 1298 376 1351 nentur.

279 1372 452 1452 Praeterea,
475 1372 613 1440 Amicitia
637 1375 757 1440 intensa
779 1394 844 1440 non
857 1373 987 1440 habetur
999 1372 1039 1440 ad
1056 1372 1138 1438 mul·

214 1475 271 1539 tos,
296 1477 328 1527 ut
352 1475 433 1549 patet
456 1483 511 1550 per
535 1463 758 1549 Philosophum
787 1463 948 1550 (Ethicor.‚
981 1463 1015 1543 8,
1036 1483 1064 1530 c.
1090 1461 1138 1546 b).

214 1552 248 1616 Si
271 1551 363 1637 igitur
386 1572 464 1618 uxor
486 1551 580 1618 habet
619 1573 717 1618 uuum
740 1553 840 1618 virum
864 1551 1061 1627 contumuit
1085 1571 1140 1616 au·

216 1655 278 1706 tem
303 1639 406 1726 plures
429 1661 550 1720 uxores,
573 1662 634 1706 ιιοιι
674 1642 733 1708 ειίι
769 1641 906 1727 aequalis
944 1639 1078 1708 amicitia
1101 1659 1141 1704 ex

216 1743 346 1815 utraque
370 1743 467 1814 parte.
492 1729 559 1794 Non
600 1730 693 1814 igitur
726 1730 785 1796 erit
821 1729 955 1798 amicitia
992 1729 1141 1808 liberalis,

217 1817 272 1884 scd
295 1815 530 1903 quodammodo
554 1818 682 1885 seruilis.

284 1904 433 1992 Amplius,
467 1905 552 1973 Sicut
590 1907 706 1972 dictum
745 1919 800 1985 εει,
835 1905 1071 1974 matrimonium
1109 1906 1142 1972 in

217 1993 396 2060 hominibus
419 2008 540 2080 oportet
552 1996 688 2062 ordinari
703 1996 875 2062 secundum
898 1996 982 2083 quod
993 1995 1144 2082 competit

217 2083 256 2149 ad
281 2082 379 2150 bonos
402 2104 515 2150 mores.
540 2085 590 2150 Est
619 2097 723 2150 autem
757 2099 863 2150 contra
902 2086 1002 2152 bonos
1036 2104 1143 2149 mores

217 2171 301 2260 quod
325 2193 404 2238 unus
428 2173 539 2239 habeat
563 2174 665 2260 plures
689 2193 810 2251 uxores,
833 2175 904 2262 quia
920 2195 958 2241 ειι
982 2175 1042 2240 hoc
1063 2192 1143 2238 cou-

217 2263 355 2348 sequitur
378 2261 530 2328 discordia
554 2263 584 2328 in
608 2261 778 2328 domestica
802 2262 928 2343 familia,
963 2276 997 2330 ut
1020 2263 1145 2348 experi-

218 2364 324 2416 mento
348 2364 440 2436 patet.
464 2351 532 2416 Non
556 2364 602 2417 εει
625 2351 719 2436 igitur
741 2353 930 2419 couveniens
952 2349 1038 2439 quod
1060 2371 1145 2416 uuus

218 2440 315 2504 homo
340 2439 452 2504 habent
475 2440 578 2527 plures
602 2461 725 2505 uxores.

284 2526 361 2592 lline
383 2541 429 2593 est
451 2529 535 2615 quod
558 2529 678 2596 dicitur:
702 2528 804 2596 Erunt
825 2529 887 2596 duo
909 2529 942 2595 iu
959 2547 1053 2595 carue
1068 2547 1147 2607 uuo,

218 2616 308 2694 Gen,
331 2616 362 2691 2,
379 2617 431 2682 ll.

285 2706 344 2772 Per
367 2705 426 2772 boc
448 2717 552 2772 autem
565 2704 739 2772 excluditur
755 2707 948 2774 consuetudo
960 2704 1146 2772 habentium

218 2794 322 2883 plures
344 2814 466 2874 uxores,
489 2807 519 2860 ει
542 2794 646 2879 opinio
671 2794 818 2874 Platonis,
842 2797 895 2883 qui
918 2795 1021 2883 posuit
1031 2813 1149 2859 uxores

218 2881 333 2960 debere
355 2904 423 2950 csse
445 2903 638 2962 communest
662 2904 756 2970 quern
781 2885 812 2950 iu
837 2905 915 2950 nova
938 2885 1149 2970 legesecutus

217 2987 264 3040 est
285 2972 439 3053 Nicolaus,
462 2993 549 3040 unus.
565 2992 602 3038 ειι
625 2987 743 3060 εεριειιι
768 2973 959 3041 diaconibus.

519 3148 691 3214 CAPUT
725 3147 841 3218 CXXV.

221 3325 311 3408 Quod
334 3326 569 3392 matrimonium
593 3346 655 3392 ιιοιι
668 3323 759 3392 debet
772 3328 840 3418 ficri
851 3326 934 3394 iuter
944 3332 1150 3418 propinquos.

286 3502 418 3589 Propter
442 3502 625 3588 hujusmodi
677 3506 770 3572 etiarn
809 3524 918 3572 causas
955 3507 1155 3576 rationabiles
