2452 3970
237 233 301 298 186
502 253 558 296 tra.
582 252 623 297 ua.
646 250 710 296 car.
732 251 797 296 aar.
822 251 858 295 sr
881 241 959 296 tarr.

236 319 369 387 mundns
391 321 441 385 uei
462 320 526 386 ictu
548 321 631 386 oculi
652 332 736 386 stare
757 321 882 406 poterit,
905 323 932 386 ai
955 321 983 385 ei
1008 321 1096 387 Dens
1121 343 1168 386 re-

235 412 338 495 qirnen
360 410 409 474 sui
433 407 611 475 subruerent
641 406 699 500 (i).

302 498 362 562 Per
393 498 579 564 hortantem
603 497 775 564 excluditur
797 498 1007 585 quorumdam
1031 498 1165 584 loquen-

232 587 313 652 tium
337 585 453 670 inlege
476 588 655 653 Maurorum
680 587 801 672 pos‘rtio,
824 587 888 672 qui,
912 587 951 652 ad
985 588 1044 652 hoo
1081 589 1164 673 quod

234 676 386 744 sustinere
394 689 519 762 possent
530 677 681 746 muudum
695 675 753 740 Dei
764 675 997 742 conservatione
1013 675 1166 761 indigere,

236 780 408 850 posuerunt
431 785 539 831 omnes
563 763 679 830 formas
703 785 773 830 esse
796 764 976 841 accidentia,
1009 778 1040 830 et
1081 766 1164 850 quod

233 853 355 918 nulium
379 853 523 918 accidens
547 853 637 919 durat
652 875 707 940 per
719 853 800 919 duo
793 854 946 931 instantia
962 867 995 918 ut
1020 855 1065 919 sie
1084 875 1165 918 sem·

234 961 291 1028 per
313 961 418 1006 rerum
442 941 589 1008 formatio
613 956 693 1008 esset
709 942 832 1020 infieri,
855 943 943 1028 quasi
958 963 1008 1007 res
1031 963 1097 1008 non
1122 944 1164 1006 in-

232 1030 353 1116 digeret
376 1050 470 1096 oausa
495 1044 618 1116 agente,
641 1033 699 1097 nisi
723 1031 798 1096 dum
822 1045 868 1096 est
901 1031 933 1095 in
968 1030 1048 1096 fieri.
1076 1031 1163 1096 Unde

235 1133 265 1184 et
302 1118 396 1204 aliqui
434 1141 543 1185 eorum
574 1119 718 1186 dicuntur
755 1139 872 1206 ponere
906 1118 989 1206 quod
1028 1139 1160 1206 corpora

235 1207 444 1284 indivisibilia,
467 1229 505 1272 ex
529 1209 641 1295 quibus
654 1227 762 1274 omnes
775 1208 959 1274 substantias
971 1208 1080 1274 dieunt
1095 1229 1161 1274 esse

232 1297 434 1382 compositas,
471 1317 550 1383 quae
590 1298 655 1362 sola
693 1296 865 1362 secundum
904 1317 958 1362 eos
981 1298 1162 1363 firmitatem

116 1450 122 1460 ,
237 1385 364 1464 habent,
387 1399 516 1472 possunt
539 1385 578 1451 ad
602 1388 711 1452 lauram
750 1386 884 1472 aliquam
920 1405 1101 1462 remanere,
1138 1387 1162 1451 si

236 1473 321 1540 Deus
345 1495 433 1540 suam
457 1475 715 1559 gubernationem
739 1474 833 1540 rebus
855 1473 1050 1540 subtraxerit.
1077 1476 1162 1557 Quo·

235 1583 306 1628 rum
336 1564 431 1628 etiarn
456 1563 582 1649 quidam
606 1565 712 1629 dicunt
735 1563 819 1648 qnod
842 1583 891 1628 res
913 1583 1055 1629 essenon
1079 1565 1161 1629 desi·

236 1665 333 1728 neret,
357 1654 414 1717 nisi
438 1653 521 1718 Deus
545 1654 579 1718 in
602 1653 666 1738 ipsa
690 1652 833 1718 accidens
857 1652 1023 1718 decisionis
1053 1673 1162 1720 eausa·
1196 1653 1197 1658 ’

234 1752 292 1806 ret.
317 1740 404 1822 Quae
428 1741 531 1808 omnia
556 1754 638 1828 patet
660 1761 727 1806 esse
751 1740 894 1806 absurda.

536 1916 717 1983 CAPUT
756 1915 857 1984 LXVI.

369 2092 459 2174 Quod
480 2094 563 2158 nituit
584 2095 642 2158 dut
664 2114 739 2172 esse,
761 2094 823 2159 nisi
844 2095 1027 2179 inquantum

503 2185 569 2269 unit
591 2185 623 2247 in
646 2185 759 2248 uirtute
776 2184 893 2248 diuina.

302 2360 344 2423 Ea
386 2359 445 2425 hoo
483 2374 586 2425 autem
622 2357 822 2424 manifestum
857 2372 903 2424 est
938 2359 1020 2447 quod
1055 2360 1155 2425 omnia

235 2445 382 2513 inferiora
410 2450 530 2534 agentia
555 2468 616 2512 non
641 2448 715 2513 dant
738 2467 817 2526 esse,
847 2448 903 2513 nisi
939 2451 970 2514 in
1007 2462 1155 2535 quantum

234 2550 331 2622 agunt
353 2537 384 2601 in
409 2540 519 2602 virtute
543 2536 656 2601 diuina

303 2624 385 2690 Nihil
408 2627 491 2691 eninr
515 2625 568 2690 dat
590 2645 669 2702 esse,
692 2624 749 2689 nisi
773 2625 804 2689 in
839 2639 989 2711 quantum
1024 2639 1070 2692 est
1104 2645 1154 2690 ens

235 2729 315 2781 actu
340 2714 423 2780 Deus
448 2729 550 2779 autem
575 2725 732 2780 conservat
756 2733 805 2778 res
829 2713 859 2777 in
891 2734 958 2779 esse
982 2733 1059 2800 per
1056 2734 1152 2781 suam

234 2803 471 2906 providentiam,
495 2817 528 2868 ut
549 2814 707 2867 ostensum
732 2814 779 2865 est
800 2801 842 2887 (e.
866 2802 935 2887 ott).
974 2804 1017 2868 Ex
1048 2805 1153 2869 virtute

234 2894 327 2978 igitur
351 2891 454 2960 divina
479 2904 524 2956 est
548 2890 631 2976 quod
654 2889 770 2975 aliquid
795 2891 848 2955 det
869 2911 947 2958 esse.

302 2981 452 3065 amplius,
490 2979 623 3061 Quando
658 2978 760 3064 aliqua
801 2980 923 3064 agentia
957 2979 1078 3046 diversa
1101 2979 1152 3046 sub

233 3089 297 3134 uno
320 3083 432 3153 agente
455 3069 650 3145 ordinantur,
672 3087 799 3132 neeesse
834 3082 881 3132 est
914 3067 1000 3154 quod
1034 3069 1152 3134 effeetus

234 3159 287 3244 qui
326 3161 366 3222 ab
404 3157 449 3222 eis
488 3157 699 3223 communiter
733 3155 767 3220 fit
789 3157 830 3221 sit
852 3177 971 3222 eorum
987 3157 1151 3223 seeundum

231 3245 317 3329 quod
340 3245 488 3310 uniuntur
510 3247 541 3311 in
567 3245 778 3348 participando
802 3259 923 3310 motum
946 3258 977 3310 et
1015 3247 1151 3312 virtutem

234 3334 314 3434 iliius
338 3336 467 3418 agentis
492 3336 662 3400 nonenim
700 3333 788 3421 plura
818 3332 934 3400 iaciunt
958 3354 1067 3413 unum,
1100 3333 1150 3399 nisi

232 3423 264 3486 in
289 3436 439 3507 quantum
463 3443 560 3488 unum
583 3435 666 3502 sunt;
700 3424 778 3488 sieut
813 3436 896 3508 patet
929 3423 1014 3508 quod
1050 3441 1151 3491 omnes

284 3524 371 3597 [1)8.
390 3525 467 3595 nugo,
488 3525 572 3595 Super
591 3527 656 3582 Gen.
673 3528 710 3581 ad
728 3527 803 3595 Lm,
823 3527 839 3579 i
859 3525 885 3596 d,
904 3543 925 3581 o.
947 3527 989 3582 dd.
