2514 3972
217 239 282 308 360
449 259 505 306 mu.
519 257 571 304 m.
594 255 658 304 etr.
680 257 781 306 exuri.
809 255 846 301 ar
869 253 945 304 oxrx.

144 371 147 377 ·
214 349 284 398 eam
308 326 400 395 etiam
423 329 557 416 pertinet
579 326 671 393 falsas
704 326 866 415 opiniones
889 326 929 393 de
950 323 1020 392 Deo
1041 333 1075 392 et
1097 323 1138 390 de
1240 329 1241 348 ¹

215 419 359 504 hisquae
381 431 453 484 sunt
479 418 536 484 Dei
560 416 736 483 excludere.

280 507 357 573 Hinc
380 520 426 572 est
449 506 533 593 quod
555 505 677 573 dieitur:
705 505 777 572 Siue
800 503 861 592 fide
883 501 1075 586 impossibile
1091 511 1140 566 cst

211 597 337 684 placere
352 595 427 674 Deo,
450 595 573 673 Heben,
598 593 650 675 tt,
671 596 704 672 o,
726 607 766 672 et,
790 591 1028 679 antequamulia
1043 610 1136 678 prae-¹
1241 671 1242 676 ἵ

211 699 299 773 cepta
338 684 415 770 legis
431 697 616 787 ponantur,
632 679 864 786 'praestituitur
886 696 971 786 reeta
994 679 1073 746 tides
1096 679 1138 744 de

211 775 291 942 lt:
312 772 643 938 tttltffltltl,
661 771 951 939 bulliit
974 770 1058 943 Ψ*

281 952 340 1017 Per
361 951 421 1016 hoc
444 963 547 1016 autem
572 949 745 1016 excluditur
760 968 847 1015 error
870 946 1080 1036 quorumdam
1093 945 1140 1011 di-

164 1043 168 1056 '
213 1041 348 1108 centium
371 1039 455 1126 quod
479 1039 555 1104 nihil
581 1037 676 1104 relect
699 1038 739 1104 ad
762 1038 893 1104 salutem
911 1036 1048 1103 hominis
1063 1055 1139 1102 oum

213 1149 408 1217 quacumque
431 1127 493 1194 iidc
516 1128 629 1194 serviat
652 1127 729 1194 Deo.

518 1304 692 1373 CAPUT
728 1302 832 1370 CXIX.

291 1483 381 1564 Quod
399 1503 459 1570 per
480 1482 642 1550 sensibilia
663 1484 817 1569 quaedam
839 1501 927 1549 meas
949 1456 1078 1548 saeua*

499 1573 646 1660 diripitur
674 1575 706 1639 ia
732 1573 840 1639 Deam.
1080 1577 1085 1588 '

277 1751 357 1834 Quia
380 1771 454 1833 vero
478 1749 679 1818 connaturale
702 1763 748 1817 est
771 1749 890 1818 homini
904 1761 937 1815 ut
959 1767 1140 1839 persensus
1243 1727 1244 1780 ³

161 1923 163 1931 y
212 1841 419 1927 cognitionem
443 1839 571 1927 accipiat
594 1852 623 1906 et
657 1838 871 1906 difficillimum
895 1854 940 1904 est
978 1838 1139 1906 sensibilia

213 1929 444 2004 transcendere,
468 1929 627 2016 provisum
640 1941 686 1995 est
703 1929 849 1994 divinitus
865 1927 983 1995 homini
996 1938 1031 1993 ut
1042 1929 1140 1993 etiam

212 2019 242 2084 in
267 2018 464 2085 sensibilibus
486 2017 581 2083 rebus
604 2017 779 2083 divinorum
814 2019 842 2084 ei
881 2018 1140 2084 commemoratio

211 2108 300 2174 lieret
322 2120 356 2172 ut
379 2127 435 2194 per
458 2107 518 2172 boc
542 2105 677 2172 hominis
700 2107 831 2172 intentio
853 2107 951 2192 magis
973 2122 1142 2172 revocare·

211 2211 262 2264 tur
277 2195 316 2262 ad
340 2196 453 2272 divina,
469 2194 557 2280 cujus
573 2215 662 2260 mens
678 2216 741 2261 non
757 2208 803 2260 est
815 2195 914 2261 valida
927 2193 965 2259 ad
983 2193 1089 2260 divina
1108 2195 1140 2258 in

210 2286 319 2374 seipsis
341 2283 590 2369 contemplanda.
614 2284 649 2348 Et
674 2299 799 2370 propter
823 2285 882 2349 hoc
905 2283 1041 2349 institute
1064 2295 1140 2349 sunt

210 2374 367 2442 sensibilia
403 2373 557 2449 sacrificia
589 2392 671 2459 quae
708 2373 803 2438 homo
841 2373 909 2438 Dea
943 2371 1042 2447 offert,
1072 2392 1140 2437 noo

210 2475 337 2552 propter
359 2462 418 2527 hoc
441 2461 525 2548 quod
549 2461 632 2527 Deus
654 2462 698 2527 eis
721 2461 866 2547 indigeat,
888 2459 943 2526 scd
967 2473 1000 2526 ut
1013 2480 1140 2546 reprac-

210 2563 349 2619 sensatur
371 2550 490 2615 homini
514 2550 598 2636 quod
621 2550 758 2637 teipsum
782 2563 813 2616 et
835 2549 941 2616 omnia
963 2569 1019 2615 sua
1043 2549 1141 2616 debet

212 2639 330 2707 referre
353 2639 385 2703 in
408 2640 509 2725 ipsum
533 2641 611 2705 siout
635 2639 667 2703 in
690 2638 785 2704 iinem
809 2651 839 2704 et
868 2639 947 2704 sieut
984 2639 1016 2703 iu
1056 2657 1144 2705 cree-

188 2744 311 2796 ¹torem
336 2741 367 2794 et
388 2727 630 2813 gubernatorem
653 2739 684 2792 et
708 2727 869 2793 dominum
910 2725 1141 2792 universorum.

210 2818 405 2885 Adhibentur
426 2817 519 2882 etiam
544 2816 661 2882 homini
700 2816 854 2902 quaedam
877 2814 1140 2882 sanctificationes

211 2927 268 2995 per
301 2905 451 2993 quasdam
491 2924 540 2970 res
563 2903 736 2981 sensibiles,
759 2904 870 2991 quibus
897 2905 993 2970 homo
1017 2903 1140 2971 lavatur

211 3009 265 3063 aut
288 2997 414 3082 ungitur
436 3006 488 3059 aut
511 2993 646 3080 pascitur
668 3004 720 3058 aut
745 3007 868 3078 potatur
901 3012 973 3058 eum
1008 2992 1140 3059 sensibi-

210 3086 286 3152 lium
310 3085 476 3150 verborum
501 3082 682 3168 prolatione,
697 3096 732 3147 ut
747 3082 864 3147 homiui
887 3094 1140 3167 repraesentetur

212 3195 267 3262 per
289 3173 446 3240 sensibilia
469 3170 709 3256 intelligibilium
734 3170 888 3236 donorum
906 3189 1087 3257 processum
1104 3172 1139 3236 in

210 3265 277 3350 ipso
300 3264 340 3328 ab
363 3263 535 3327 extrinseco
560 3259 626 3325 lieri
651 3281 668 3325 e
691 3259 769 3337 Deo,
793 3259 881 3345 cujus
898 3277 1014 3324 tromen
1037 3260 1137 3324 sensi·

211 3352 324 3418 bilibus
363 3351 487 3417 vocibus
521 3349 713 3436 exprimitur.
751 3348 940 3414 Exercentur
977 3347 1073 3413 etiam
1094 3347 1138 3414 ab
1244 3377 1245 3414 i

211 3441 390 3507 hominibus
413 3437 567 3524 quaedam
591 3437 749 3504 sensibilia
773 3457 880 3520 opera,
918 3456 982 3502 nou
1021 3435 1138 3522 quibus
1244 3431 1245 3460 ¹

210 3529 312 3594 Deum
350 3527 492 3604 excitent,
530 3525 586 3592 sed
620 3524 732 3612 quibus
756 3527 876 3614 seipsos
895 3537 1081 3614 'provocent
1102 3525 1137 3590 iu
