<?xml version="1.0" encoding="UTF-8"?>
<!DOCTYPE html PUBLIC "-//W3C//DTD XHTML 1.0 Transitional//EN"
    "http://www.w3.org/TR/xhtml1/DTD/xhtml1-transitional.dtd">
<html xmlns="http://www.w3.org/1999/xhtml" xml:lang="en" lang="en">
 <head>
  <title>
</title>
<meta http-equiv="Content-Type" content="text/html;charset=utf-8" />
  <meta name='ocr-system' content='tesseract 3.04.00' />
  <meta name='ocr-capabilities' content='ocr_page ocr_carea ocr_par ocr_line ocrx_word'/>
</head>
<body>
  <div class='ocr_page' id='page_1' title='image "./sanctithomaeaqu00thomgoog_0123.png"; bbox 0 0 2452 3970; ppageno 0'>
   <div class='ocr_carea' id='block_1_1' title="bbox 213 226 1202 3600">
    <p class='ocr_par' dir='ltr' id='par_1_1' title="bbox 226 226 827 291">
     <span class='ocr_line' id='line_1_1' title="bbox 226 226 827 291; baseline 0 -1"><span class='ocrx_word' id='word_1_1' title='bbox 226 226 288 290; x_wconf 92' lang='lat' dir='ltr'>ll8</span> <span class='ocrx_word' id='word_1_2' title='bbox 522 247 576 290; x_wconf 86' lang='grc' dir='ltr'>ιιι.</span> <span class='ocrx_word' id='word_1_3' title='bbox 600 247 639 290; x_wconf 92' lang='grc' dir='ltr'>ιιι.</span> <span class='ocrx_word' id='word_1_4' title='bbox 664 245 726 291; x_wconf 80' lang='lat' dir='ltr'>oar.</span> <span class='ocrx_word' id='word_1_5' title='bbox 750 247 827 291; x_wconf 88' lang='grc' dir='ltr'>ιιιιιι.</span> 
     </span>
    </p>

    <p class='ocr_par' dir='ltr' id='par_1_2' title="bbox 219 313 1138 1023">
     <span class='ocr_line' id='line_1_2' title="bbox 222 313 1136 402; baseline 0.002 -22"><span class='ocrx_word' id='word_1_6' title='bbox 222 337 289 400; x_wconf 87' lang='lat' dir='ltr'>cap.</span> <span class='ocrx_word' id='word_1_7' title='bbox 312 313 355 379; x_wconf 85' lang='grc'>76</span> <span class='ocrx_word' id='word_1_8' title='bbox 377 328 407 380; x_wconf 90' lang='grc' dir='ltr'>ει</span> <span class='ocrx_word' id='word_1_9' title='bbox 429 313 497 395; x_wconf 91' lang='grc'>78)</span> <span class='ocrx_word' id='word_1_10' title='bbox 521 329 677 380; x_wconf 90' lang='lat' dir='ltr'>ostensum</span> <span class='ocrx_word' id='word_1_11' title='bbox 701 315 854 402; x_wconf 87' lang='lat' dir='ltr'>estquod</span> <span class='ocrx_word' id='word_1_12' title='bbox 880 335 943 380; x_wconf 93' lang='lat' dir='ltr'>non</span> <span class='ocrx_word' id='word_1_13' title='bbox 967 327 1012 380; x_wconf 88' lang='lat' dir='ltr'>est</span> <span class='ocrx_word' id='word_1_14' title='bbox 1033 317 1136 402; x_wconf 85' lang='lat' dir='ltr'>aliqua</span> 
     </span>
     <span class='ocr_line' id='line_1_3' title="bbox 220 404 1138 491; baseline 0.002 -23"><span class='ocrx_word' id='word_1_15' title='bbox 220 404 389 470; x_wconf 86' lang='lat' dir='ltr'>substantia</span> <span class='ocrx_word' id='word_1_16' title='bbox 411 417 562 488; x_wconf 84' lang='lat' dir='ltr'>separata,</span> <span class='ocrx_word' id='word_1_17' title='bbox 576 404 631 468; x_wconf 91' lang='lat' dir='ltr'>sed</span> <span class='ocrx_word' id='word_1_18' title='bbox 646 425 716 491; x_wconf 88' lang='lat' dir='ltr'>pars</span> <span class='ocrx_word' id='word_1_19' title='bbox 739 405 871 482; x_wconf 88' lang='lat' dir='ltr'>animae,</span> <span class='ocrx_word' id='word_1_20' title='bbox 893 405 942 470; x_wconf 85' lang='lat' dir='ltr'>oui</span> <span class='ocrx_word' id='word_1_21' title='bbox 959 404 1138 471; x_wconf 79' lang='lat' dir='ltr'>Aristoteles</span> 
     </span>
     <span class='ocr_line' id='line_1_4' title="bbox 221 492 1138 579; baseline 0 -21"><span class='ocrx_word' id='word_1_22' title='bbox 221 493 291 579; x_wconf 90' lang='lat' dir='ltr'>(de</span> <span class='ocrx_word' id='word_1_23' title='bbox 327 493 446 570; x_wconf 75' lang='lat' dir='ltr'>Anima,</span> <span class='ocrx_word' id='word_1_24' title='bbox 483 492 514 568; x_wconf 76' lang='grc' dir='ltr'>ὅ,</span> <span class='ocrx_word' id='word_1_25' title='bbox 552 506 623 558; x_wconf 80' lang='lat' dir='ltr'>teat.</span> <span class='ocrx_word' id='word_1_26' title='bbox 657 514 770 559; x_wconf 85' lang='lat' dir='ltr'>eomm.</span> <span class='ocrx_word' id='word_1_27' title='bbox 795 492 863 579; x_wconf 80' lang='grc'>18)</span> <span class='ocrx_word' id='word_1_28' title='bbox 896 494 1032 560; x_wconf 78' lang='lat' dir='ltr'>attribuit</span> <span class='ocrx_word' id='word_1_29' title='bbox 1054 495 1138 560; x_wconf 87' lang='lat' dir='ltr'>bano</span> 
     </span>
     <span class='ocr_line' id='line_1_5' title="bbox 221 581 1137 670; baseline 0 -23"><span class='ocrx_word' id='word_1_30' title='bbox 221 581 442 670; x_wconf 76' lang='lat' dir='ltr'>operationem,</span> <span class='ocrx_word' id='word_1_31' title='bbox 464 581 578 646; x_wconf 84' lang='lat' dir='ltr'>scilieet</span> <span class='ocrx_word' id='word_1_32' title='bbox 601 581 700 647; x_wconf 80' lang='lat' dir='ltr'>lacere</span> <span class='ocrx_word' id='word_1_33' title='bbox 723 582 874 648; x_wconf 87' lang='lat' dir='ltr'>intellecta</span> <span class='ocrx_word' id='word_1_34' title='bbox 897 583 928 648; x_wconf 93' lang='lat' dir='ltr'>in</span> <span class='ocrx_word' id='word_1_35' title='bbox 952 596 1032 659; x_wconf 86' lang='lat' dir='ltr'>actu,</span> <span class='ocrx_word' id='word_1_36' title='bbox 1055 604 1137 667; x_wconf 88' lang='lat' dir='ltr'>quae</span> 
     </span>
     <span class='ocr_line' id='line_1_6' title="bbox 220 671 1136 757; baseline 0 -21"><span class='ocrx_word' id='word_1_37' title='bbox 220 686 266 737; x_wconf 91' lang='lat' dir='ltr'>est</span> <span class='ocrx_word' id='word_1_38' title='bbox 289 671 320 735; x_wconf 94' lang='lat' dir='ltr'>in</span> <span class='ocrx_word' id='word_1_39' title='bbox 344 683 446 735; x_wconf 87' lang='lat' dir='ltr'>nostra</span> <span class='ocrx_word' id='word_1_40' title='bbox 470 683 628 756; x_wconf 88' lang='lat' dir='ltr'>potestate;</span> <span class='ocrx_word' id='word_1_41' title='bbox 652 671 735 736; x_wconf 83' lang='lat' dir='ltr'>un&#39;de</span> <span class='ocrx_word' id='word_1_42' title='bbox 757 691 819 735; x_wconf 94' lang='lat' dir='ltr'>non</span> <span class='ocrx_word' id='word_1_43' title='bbox 858 671 1010 757; x_wconf 80' lang='lat' dir='ltr'>oportebit</span> <span class='ocrx_word' id='word_1_44' title='bbox 1049 673 1136 757; x_wconf 89' lang='lat' dir='ltr'>quod</span> 
     </span>
     <span class='ocr_line' id='line_1_7' title="bbox 220 758 1136 845; baseline 0.002 -21"><span class='ocrx_word' id='word_1_45' title='bbox 220 759 390 845; x_wconf 77' lang='lat' dir='ltr'>intelligere</span> <span class='ocrx_word' id='word_1_46' title='bbox 412 779 468 844; x_wconf 92' lang='lat' dir='ltr'>per</span> <span class='ocrx_word' id='word_1_47' title='bbox 499 758 686 824; x_wconf 80' lang='lat' dir='ltr'>intellectum</span> <span class='ocrx_word' id='word_1_48' title='bbox 710 774 852 845; x_wconf 78' lang='lat' dir='ltr'>agentem</span> <span class='ocrx_word' id='word_1_49' title='bbox 876 761 915 824; x_wconf 90' lang='lat' dir='ltr'>sit</span> <span class='ocrx_word' id='word_1_50' title='bbox 937 759 1027 826; x_wconf 92' lang='lat' dir='ltr'>nobis</span> <span class='ocrx_word' id='word_1_51' title='bbox 1041 780 1136 826; x_wconf 85' lang='lat' dir='ltr'>eausa</span> 
     </span>
     <span class='ocr_line' id='line_1_8' title="bbox 220 847 1136 936; baseline 0 -22"><span class='ocrx_word' id='word_1_52' title='bbox 220 847 303 934; x_wconf 89' lang='lat' dir='ltr'>quod</span> <span class='ocrx_word' id='word_1_53' title='bbox 326 848 479 935; x_wconf 86' lang='lat' dir='ltr'>possimus</span> <span class='ocrx_word' id='word_1_54' title='bbox 494 847 665 933; x_wconf 79' lang='lat' dir='ltr'>intelligere</span> <span class='ocrx_word' id='word_1_55' title='bbox 683 849 865 916; x_wconf 76' lang='lat' dir='ltr'>substantias</span> <span class='ocrx_word' id='word_1_56' title='bbox 878 862 1044 936; x_wconf 88' lang='lat' dir='ltr'>separatas:</span> <span class='ocrx_word' id='word_1_57' title='bbox 1060 849 1136 914; x_wconf 86' lang='lat' dir='ltr'>alias</span> 
     </span>
     <span class='ocr_line' id='line_1_9' title="bbox 219 935 687 1023; baseline 0 -21"><span class='ocrx_word' id='word_1_58' title='bbox 219 955 342 1023; x_wconf 81' lang='lat' dir='ltr'>semper</span> <span class='ocrx_word' id='word_1_59' title='bbox 364 935 603 1022; x_wconf 79' lang='lat' dir='ltr'>intelligeremus</span> <span class='ocrx_word' id='word_1_60' title='bbox 626 958 687 1002; x_wconf 90' lang='lat' dir='ltr'>eas.</span> 
     </span>
    </p>

    <p class='ocr_par' dir='ltr' id='par_1_3' title="bbox 215 1024 1136 2688">
     <span class='ocr_line' id='line_1_10' title="bbox 288 1024 1135 1111; baseline 0 -21"><span class='ocrx_word' id='word_1_61' title='bbox 288 1025 404 1104; x_wconf 81' lang='lat' dir='ltr'>Adbuc,</span> <span class='ocrx_word' id='word_1_62' title='bbox 427 1024 459 1089; x_wconf 89' lang='lat' dir='ltr'>Si</span> <span class='ocrx_word' id='word_1_63' title='bbox 481 1025 651 1092; x_wconf 80' lang='lat' dir='ltr'>intellectus</span> <span class='ocrx_word' id='word_1_64' title='bbox 685 1047 779 1111; x_wconf 79' lang='lat' dir='ltr'>agens</span> <span class='ocrx_word' id='word_1_65' title='bbox 802 1039 848 1092; x_wconf 89' lang='lat' dir='ltr'>est</span> <span class='ocrx_word' id='word_1_66' title='bbox 884 1026 1052 1091; x_wconf 86' lang='lat' dir='ltr'>substantia</span> <span class='ocrx_word' id='word_1_67' title='bbox 1086 1045 1135 1090; x_wconf 85' lang='lat' dir='ltr'>se·</span> 
     </span>
     <span class='ocr_line' id='line_1_11' title="bbox 219 1115 1134 1201; baseline 0 -23"><span class='ocrx_word' id='word_1_68' title='bbox 219 1129 334 1200; x_wconf 90' lang='lat' dir='ltr'>parata,</span> <span class='ocrx_word' id='word_1_69' title='bbox 357 1136 419 1179; x_wconf 85' lang='lat' dir='ltr'>non</span> <span class='ocrx_word' id='word_1_70' title='bbox 464 1115 624 1200; x_wconf 86' lang='lat' dir='ltr'>copulatur</span> <span class='ocrx_word' id='word_1_71' title='bbox 655 1117 816 1180; x_wconf 84' lang='lat' dir='ltr'>nobiseum</span> <span class='ocrx_word' id='word_1_72' title='bbox 852 1115 909 1179; x_wconf 89' lang='lat' dir='ltr'>nisi</span> <span class='ocrx_word' id='word_1_73' title='bbox 933 1135 988 1201; x_wconf 89' lang='lat' dir='ltr'>per</span> <span class='ocrx_word' id='word_1_74' title='bbox 1013 1116 1134 1201; x_wconf 85' lang='lat' dir='ltr'>speeies</span> 
     </span>
     <span class='ocr_line' id='line_1_12' title="bbox 219 1202 1134 1288; baseline 0.001 -21"><span class='ocrx_word' id='word_1_75' title='bbox 219 1202 312 1268; x_wconf 87' lang='lat' dir='ltr'>laetas</span> <span class='ocrx_word' id='word_1_76' title='bbox 335 1203 502 1269; x_wconf 87' lang='lat' dir='ltr'>intellectas</span> <span class='ocrx_word' id='word_1_77' title='bbox 524 1204 554 1268; x_wconf 91' lang='lat' dir='ltr'>in</span> <span class='ocrx_word' id='word_1_78' title='bbox 578 1217 658 1282; x_wconf 85' lang='lat' dir='ltr'>autu,</span> <span class='ocrx_word' id='word_1_79' title='bbox 673 1203 843 1269; x_wconf 84' lang='lat' dir='ltr'>secuudum</span> <span class='ocrx_word' id='word_1_80' title='bbox 860 1203 926 1288; x_wconf 86' lang='lat' dir='ltr'>ejus</span> <span class='ocrx_word' id='word_1_81' title='bbox 938 1203 1134 1287; x_wconf 86' lang='lat' dir='ltr'>positionem,</span> 
     </span>
     <span class='ocr_line' id='line_1_13' title="bbox 218 1291 1136 1379; baseline 0 -23"><span class='ocrx_word' id='word_1_82' title='bbox 218 1293 296 1356; x_wconf 89' lang='lat' dir='ltr'>siout</span> <span class='ocrx_word' id='word_1_83' title='bbox 318 1313 374 1358; x_wconf 88' lang='lat' dir='ltr'>nec</span> <span class='ocrx_word' id='word_1_84' title='bbox 396 1291 566 1357; x_wconf 87' lang='lat' dir='ltr'>intellectus</span> <span class='ocrx_word' id='word_1_85' title='bbox 589 1293 750 1379; x_wconf 89' lang='lat' dir='ltr'>possibilis;</span> <span class='ocrx_word' id='word_1_86' title='bbox 773 1293 844 1358; x_wconf 87' lang='lat' dir='ltr'>lieet</span> <span class='ocrx_word' id='word_1_87' title='bbox 869 1293 1040 1358; x_wconf 79' lang='lat' dir='ltr'>intellectas</span> <span class='ocrx_word' id='word_1_88' title='bbox 1064 1314 1136 1378; x_wconf 89' lang='lat' dir='ltr'>pos·</span> 
     </span>
     <span class='ocr_line' id='line_1_14' title="bbox 217 1380 1135 1468; baseline -0.001 -23"><span class='ocrx_word' id='word_1_89' title='bbox 217 1380 312 1446; x_wconf 87' lang='lat' dir='ltr'>sibilis</span> <span class='ocrx_word' id='word_1_90' title='bbox 335 1401 368 1446; x_wconf 92' lang='lat' dir='ltr'>se</span> <span class='ocrx_word' id='word_1_91' title='bbox 391 1381 503 1446; x_wconf 91' lang='lat' dir='ltr'>babeat</span> <span class='ocrx_word' id='word_1_92' title='bbox 525 1380 564 1445; x_wconf 93' lang='lat' dir='ltr'>ad</span> <span class='ocrx_word' id='word_1_93' title='bbox 587 1382 653 1447; x_wconf 86' lang='lat' dir='ltr'>illas</span> <span class='ocrx_word' id='word_1_94' title='bbox 683 1382 800 1468; x_wconf 85' lang='lat' dir='ltr'>speeies</span> <span class='ocrx_word' id='word_1_95' title='bbox 834 1383 911 1446; x_wconf 86' lang='lat' dir='ltr'>sieut</span> <span class='ocrx_word' id='word_1_96' title='bbox 944 1382 1071 1446; x_wconf 79' lang='lat' dir='ltr'>materia</span> <span class='ocrx_word' id='word_1_97' title='bbox 1097 1380 1135 1444; x_wconf 84' lang='lat' dir='ltr'>ad</span> 
     </span>
     <span class='ocr_line' id='line_1_15' title="bbox 217 1469 1135 1555; baseline 0 -22"><span class='ocrx_word' id='word_1_98' title='bbox 217 1469 361 1548; x_wconf 83' lang='lat' dir='ltr'>sormam,</span> <span class='ocrx_word' id='word_1_99' title='bbox 385 1470 555 1535; x_wconf 83' lang='lat' dir='ltr'>intellectus</span> <span class='ocrx_word' id='word_1_100' title='bbox 579 1485 682 1535; x_wconf 85' lang='lat' dir='ltr'>antem</span> <span class='ocrx_word' id='word_1_101' title='bbox 706 1491 800 1555; x_wconf 78' lang='lat' dir='ltr'>agens</span> <span class='ocrx_word' id='word_1_102' title='bbox 824 1490 841 1534; x_wconf 90' lang='lat' dir='ltr'>e</span> <span class='ocrx_word' id='word_1_103' title='bbox 874 1489 1033 1546; x_wconf 81' lang='lat' dir='ltr'>converso,</span> <span class='ocrx_word' id='word_1_104' title='bbox 1056 1469 1135 1534; x_wconf 88' lang='lat' dir='ltr'>sieut</span> 
     </span>
     <span class='ocr_line' id='line_1_16' title="bbox 220 1558 1134 1644; baseline -0.001 -21"><span class='ocrx_word' id='word_1_105' title='bbox 220 1559 318 1624; x_wconf 83' lang='lat' dir='ltr'>forma</span> <span class='ocrx_word' id='word_1_106' title='bbox 335 1559 374 1624; x_wconf 88' lang='lat' dir='ltr'>ad</span> <span class='ocrx_word' id='word_1_107' title='bbox 396 1559 565 1623; x_wconf 89' lang='lat' dir='ltr'>materiam.</span> <span class='ocrx_word' id='word_1_108' title='bbox 589 1559 712 1644; x_wconf 82' lang='lat' dir='ltr'>Species</span> <span class='ocrx_word' id='word_1_109' title='bbox 735 1573 837 1624; x_wconf 88' lang='lat' dir='ltr'>autem</span> <span class='ocrx_word' id='word_1_110' title='bbox 851 1558 947 1624; x_wconf 87' lang='lat' dir='ltr'>laetae</span> <span class='ocrx_word' id='word_1_111' title='bbox 960 1558 1134 1623; x_wconf 77' lang='lat' dir='ltr'>intellectae</span> 
     </span>
     <span class='ocr_line' id='line_1_17' title="bbox 223 1647 1134 1734; baseline -0.001 -23"><span class='ocrx_word' id='word_1_112' title='bbox 223 1649 254 1712; x_wconf 90' lang='lat' dir='ltr'>in</span> <span class='ocrx_word' id='word_1_113' title='bbox 279 1662 347 1713; x_wconf 85' lang='lat' dir='ltr'>actu</span> <span class='ocrx_word' id='word_1_114' title='bbox 380 1647 563 1732; x_wconf 77' lang='lat' dir='ltr'>copulantur</span> <span class='ocrx_word' id='word_1_115' title='bbox 585 1649 684 1725; x_wconf 88' lang='lat' dir='ltr'>nobrs,</span> <span class='ocrx_word' id='word_1_116' title='bbox 721 1648 891 1713; x_wconf 87' lang='lat' dir='ltr'>seeundum</span> <span class='ocrx_word' id='word_1_117' title='bbox 916 1649 982 1731; x_wconf 82' lang='lat' dir='ltr'>ejus</span> <span class='ocrx_word' id='word_1_118' title='bbox 1009 1648 1134 1734; x_wconf 89' lang='lat' dir='ltr'>positio-</span> 
     </span>
     <span class='ocr_line' id='line_1_18' title="bbox 223 1735 1134 1823; baseline 0 -23"><span class='ocrx_word' id='word_1_119' title='bbox 223 1757 304 1813; x_wconf 88' lang='lat' dir='ltr'>nem,</span> <span class='ocrx_word' id='word_1_120' title='bbox 328 1757 383 1823; x_wconf 87' lang='lat' dir='ltr'>per</span> <span class='ocrx_word' id='word_1_121' title='bbox 405 1737 628 1822; x_wconf 87' lang='lat' dir='ltr'>phantasmata,</span> <span class='ocrx_word' id='word_1_122' title='bbox 650 1756 728 1822; x_wconf 85' lang='lat' dir='ltr'>quae</span> <span class='ocrx_word' id='word_1_123' title='bbox 758 1739 797 1802; x_wconf 86' lang='lat' dir='ltr'>ita</span> <span class='ocrx_word' id='word_1_124' title='bbox 820 1757 854 1801; x_wconf 89' lang='lat' dir='ltr'>se</span> <span class='ocrx_word' id='word_1_125' title='bbox 888 1737 1003 1800; x_wconf 85' lang='lat' dir='ltr'>habent</span> <span class='ocrx_word' id='word_1_126' title='bbox 1025 1735 1063 1799; x_wconf 92' lang='lat' dir='ltr'>ad</span> <span class='ocrx_word' id='word_1_127' title='bbox 1089 1738 1134 1800; x_wconf 93' lang='lat' dir='ltr'>in-</span> 
     </span>
     <span class='ocr_line' id='line_1_19' title="bbox 218 1824 1133 1911; baseline -0.001 -22"><span class='ocrx_word' id='word_1_128' title='bbox 218 1825 373 1890; x_wconf 81' lang='lat' dir='ltr'>tellectum</span> <span class='ocrx_word' id='word_1_129' title='bbox 406 1824 583 1911; x_wconf 86' lang='lat' dir='ltr'>possibilem</span> <span class='ocrx_word' id='word_1_130' title='bbox 617 1827 694 1890; x_wconf 88' lang='lat' dir='ltr'>siout</span> <span class='ocrx_word' id='word_1_131' title='bbox 716 1826 834 1890; x_wconf 82' lang='lat' dir='ltr'>colores</span> <span class='ocrx_word' id='word_1_132' title='bbox 871 1825 909 1889; x_wconf 94' lang='lat' dir='ltr'>ad</span> <span class='ocrx_word' id='word_1_133' title='bbox 949 1826 1059 1901; x_wconf 85' lang='lat' dir='ltr'>visum,</span> <span class='ocrx_word' id='word_1_134' title='bbox 1094 1826 1133 1888; x_wconf 91' lang='lat' dir='ltr'>ad</span> 
     </span>
     <span class='ocr_line' id='line_1_20' title="bbox 218 1913 1133 1996; baseline 0.001 -19"><span class='ocrx_word' id='word_1_135' title='bbox 218 1914 404 1978; x_wconf 82' lang='lat' dir='ltr'>intellectum</span> <span class='ocrx_word' id='word_1_136' title='bbox 428 1932 500 1977; x_wconf 87' lang='lat' dir='ltr'>vero</span> <span class='ocrx_word' id='word_1_137' title='bbox 523 1925 665 1996; x_wconf 80' lang='lat' dir='ltr'>agentem</span> <span class='ocrx_word' id='word_1_138' title='bbox 689 1916 766 1980; x_wconf 88' lang='lat' dir='ltr'>sieut</span> <span class='ocrx_word' id='word_1_139' title='bbox 796 1916 913 1980; x_wconf 85' lang='lat' dir='ltr'>colores</span> <span class='ocrx_word' id='word_1_140' title='bbox 948 1914 985 1979; x_wconf 91' lang='lat' dir='ltr'>ad</span> <span class='ocrx_word' id='word_1_141' title='bbox 1021 1913 1133 1988; x_wconf 80' lang='lat' dir='ltr'>lucem,</span> 
     </span>
     <span class='ocr_line' id='line_1_21' title="bbox 219 2001 1132 2089; baseline 0.001 -22"><span class='ocrx_word' id='word_1_142' title='bbox 219 2016 253 2067; x_wconf 91' lang='lat' dir='ltr'>ut</span> <span class='ocrx_word' id='word_1_143' title='bbox 275 2022 313 2066; x_wconf 84' lang='lat' dir='ltr'>ea</span> <span class='ocrx_word' id='word_1_144' title='bbox 339 2002 438 2066; x_wconf 83' lang='lat' dir='ltr'>uerbis</span> <span class='ocrx_word' id='word_1_145' title='bbox 470 2001 636 2067; x_wconf 75' lang='lat' dir='ltr'>Aristotelis</span> <span class='ocrx_word' id='word_1_146' title='bbox 670 2017 752 2089; x_wconf 88' lang='lat' dir='ltr'>patet</span> <span class='ocrx_word' id='word_1_147' title='bbox 774 2004 828 2086; x_wconf 87' lang='lat' dir='ltr'>(de</span> <span class='ocrx_word' id='word_1_148' title='bbox 851 2007 970 2081; x_wconf 80' lang='lat' dir='ltr'>Anima,</span> <span class='ocrx_word' id='word_1_149' title='bbox 1003 2003 1033 2079; x_wconf 80' lang='lat'>5,</span> <span class='ocrx_word' id='word_1_150' title='bbox 1058 2017 1132 2068; x_wconf 86' lang='lat' dir='ltr'>text.</span> 
     </span>
     <span class='ocr_line' id='line_1_22' title="bbox 217 2089 1133 2180; baseline 0 -25"><span class='ocrx_word' id='word_1_151' title='bbox 217 2111 331 2156; x_wconf 84' lang='lat' dir='ltr'>comm.</span> <span class='ocrx_word' id='word_1_152' title='bbox 355 2092 397 2155; x_wconf 82' lang='lat'>50</span> <span class='ocrx_word' id='word_1_153' title='bbox 419 2103 449 2154; x_wconf 91' lang='lat' dir='ltr'>et</span> <span class='ocrx_word' id='word_1_154' title='bbox 474 2089 539 2174; x_wconf 80' lang='grc'>18).</span> <span class='ocrx_word' id='word_1_155' title='bbox 563 2091 629 2156; x_wconf 89' lang='grc' dir='ltr'>Νοιι</span> <span class='ocrx_word' id='word_1_156' title='bbox 653 2106 755 2158; x_wconf 88' lang='lat' dir='ltr'>autern</span> <span class='ocrx_word' id='word_1_157' title='bbox 790 2093 894 2180; x_wconf 87' lang='lat' dir='ltr'>lapidi,</span> <span class='ocrx_word' id='word_1_158' title='bbox 931 2093 962 2156; x_wconf 90' lang='lat' dir='ltr'>in</span> <span class='ocrx_word' id='word_1_159' title='bbox 1001 2111 1063 2176; x_wconf 91' lang='lat' dir='ltr'>quo</span> <span class='ocrx_word' id='word_1_160' title='bbox 1086 2106 1133 2156; x_wconf 87' lang='lat' dir='ltr'>est</span> 
     </span>
     <span class='ocr_line' id='line_1_23' title="bbox 217 2177 1133 2266; baseline -0.003 -20"><span class='ocrx_word' id='word_1_161' title='bbox 217 2177 312 2254; x_wconf 86' lang='lat' dir='ltr'>eolor,</span> <span class='ocrx_word' id='word_1_162' title='bbox 335 2192 433 2266; x_wconf 91' lang='lat' dir='ltr'>potest</span> <span class='ocrx_word' id='word_1_163' title='bbox 454 2179 576 2244; x_wconf 85' lang='lat' dir='ltr'>attribui</span> <span class='ocrx_word' id='word_1_164' title='bbox 599 2201 699 2265; x_wconf 88' lang='lat' dir='ltr'>neque</span> <span class='ocrx_word' id='word_1_165' title='bbox 729 2183 807 2246; x_wconf 86' lang='lat' dir='ltr'>aetio</span> <span class='ocrx_word' id='word_1_166' title='bbox 842 2183 925 2247; x_wconf 87' lang='lat' dir='ltr'>visus</span> <span class='ocrx_word' id='word_1_167' title='bbox 959 2195 992 2246; x_wconf 93' lang='lat' dir='ltr'>ut</span> <span class='ocrx_word' id='word_1_168' title='bbox 1021 2179 1133 2253; x_wconf 90' lang='lat' dir='ltr'>videat,</span> 
     </span>
     <span class='ocr_line' id='line_1_24' title="bbox 216 2262 1131 2354; baseline 0 -21"><span class='ocrx_word' id='word_1_169' title='bbox 216 2288 317 2352; x_wconf 89' lang='lat' dir='ltr'>neque</span> <span class='ocrx_word' id='word_1_170' title='bbox 353 2268 432 2333; x_wconf 91' lang='lat' dir='ltr'>aotio</span> <span class='ocrx_word' id='word_1_171' title='bbox 465 2267 537 2332; x_wconf 88' lang='lat' dir='ltr'>solis</span> <span class='ocrx_word' id='word_1_172' title='bbox 572 2282 605 2333; x_wconf 93' lang='lat' dir='ltr'>ut</span> <span class='ocrx_word' id='word_1_173' title='bbox 640 2267 799 2335; x_wconf 89' lang='lat' dir='ltr'>illuminet.</span> <span class='ocrx_word' id='word_1_174' title='bbox 835 2262 924 2354; x_wconf 77' lang='lat' dir='ltr'>Ergo,</span> <span class='ocrx_word' id='word_1_175' title='bbox 959 2269 1131 2334; x_wconf 85' lang='lat' dir='ltr'>seeundum</span> 
     </span>
     <span class='ocr_line' id='line_1_25' title="bbox 217 2355 1131 2445; baseline -0.001 -24"><span class='ocrx_word' id='word_1_176' title='bbox 217 2357 404 2443; x_wconf 88' lang='lat' dir='ltr'>positionem</span> <span class='ocrx_word' id='word_1_177' title='bbox 428 2355 624 2441; x_wconf 84' lang='lat' dir='ltr'>praedictam,</span> <span class='ocrx_word' id='word_1_178' title='bbox 648 2359 765 2423; x_wconf 90' lang='lat' dir='ltr'>bomini</span> <span class='ocrx_word' id='word_1_179' title='bbox 790 2381 850 2424; x_wconf 92' lang='lat' dir='ltr'>noo</span> <span class='ocrx_word' id='word_1_180' title='bbox 876 2359 985 2445; x_wconf 89' lang='lat' dir='ltr'>poterit</span> <span class='ocrx_word' id='word_1_181' title='bbox 1008 2357 1131 2422; x_wconf 87' lang='lat' dir='ltr'>attribui</span> 
     </span>
     <span class='ocr_line' id='line_1_26' title="bbox 215 2445 1130 2532; baseline 0.003 -23"><span class='ocrx_word' id='word_1_182' title='bbox 215 2465 315 2530; x_wconf 83' lang='lat' dir='ltr'>neque</span> <span class='ocrx_word' id='word_1_183' title='bbox 331 2447 410 2510; x_wconf 88' lang='lat' dir='ltr'>aetio</span> <span class='ocrx_word' id='word_1_184' title='bbox 428 2445 598 2510; x_wconf 83' lang='lat' dir='ltr'>intellectus</span> <span class='ocrx_word' id='word_1_185' title='bbox 623 2448 777 2532; x_wconf 89' lang='lat' dir='ltr'>possibilis</span> <span class='ocrx_word' id='word_1_186' title='bbox 806 2461 838 2512; x_wconf 94' lang='lat' dir='ltr'>ut</span> <span class='ocrx_word' id='word_1_187' title='bbox 871 2448 1020 2531; x_wconf 81' lang='lat' dir='ltr'>intelligat</span> <span class='ocrx_word' id='word_1_188' title='bbox 1057 2448 1130 2512; x_wconf 91' lang='lat' dir='ltr'>sub·</span> 
     </span>
     <span class='ocr_line' id='line_1_27' title="bbox 215 2533 1130 2621; baseline 0.002 -23"><span class='ocrx_word' id='word_1_189' title='bbox 215 2533 339 2598; x_wconf 81' lang='lat' dir='ltr'>stantius</span> <span class='ocrx_word' id='word_1_190' title='bbox 363 2547 529 2619; x_wconf 88' lang='lat' dir='ltr'>separatas,</span> <span class='ocrx_word' id='word_1_191' title='bbox 553 2555 653 2620; x_wconf 89' lang='lat' dir='ltr'>neque</span> <span class='ocrx_word' id='word_1_192' title='bbox 665 2538 745 2601; x_wconf 88' lang='lat' dir='ltr'>aetio</span> <span class='ocrx_word' id='word_1_193' title='bbox 767 2538 939 2602; x_wconf 79' lang='lat' dir='ltr'>intellectus</span> <span class='ocrx_word' id='word_1_194' title='bbox 964 2536 1082 2621; x_wconf 81' lang='lat' dir='ltr'>agentis</span> <span class='ocrx_word' id='word_1_195' title='bbox 1099 2549 1130 2600; x_wconf 93' lang='lat' dir='ltr'>ut</span> 
     </span>
     <span class='ocr_line' id='line_1_28' title="bbox 216 2623 640 2688; baseline 0 -1"><span class='ocrx_word' id='word_1_196' title='bbox 216 2623 309 2688; x_wconf 79' lang='lat' dir='ltr'>iaciat</span> <span class='ocrx_word' id='word_1_197' title='bbox 332 2623 483 2687; x_wconf 79' lang='lat' dir='ltr'>intellecta</span> <span class='ocrx_word' id='word_1_198' title='bbox 508 2624 538 2686; x_wconf 94' lang='lat' dir='ltr'>in</span> <span class='ocrx_word' id='word_1_199' title='bbox 562 2637 640 2687; x_wconf 90' lang='lat' dir='ltr'>aetu.</span> 
     </span>
    </p>

    <p class='ocr_par' dir='ltr' id='par_1_4' title="bbox 213 2710 1202 3600">
     <span class='ocr_line' id='line_1_29' title="bbox 282 2710 1130 2801; baseline 0.002 -25"><span class='ocrx_word' id='word_1_200' title='bbox 282 2711 431 2799; x_wconf 83' lang='lat' dir='ltr'>Amplius,</span> <span class='ocrx_word' id='word_1_201' title='bbox 441 2710 618 2777; x_wconf 82' lang='lat' dir='ltr'>Secundum</span> <span class='ocrx_word' id='word_1_202' title='bbox 635 2713 816 2798; x_wconf 89' lang='lat' dir='ltr'>positionem</span> <span class='ocrx_word' id='word_1_203' title='bbox 829 2715 1025 2801; x_wconf 84' lang='lat' dir='ltr'>praedictam,</span> <span class='ocrx_word' id='word_1_204' title='bbox 1042 2715 1130 2778; x_wconf 90' lang='lat' dir='ltr'>intel·</span> 
     </span>
     <span class='ocr_line' id='line_1_30' title="bbox 217 2801 1130 2887; baseline 0 -22"><span class='ocrx_word' id='word_1_205' title='bbox 217 2801 312 2867; x_wconf 88' lang='lat' dir='ltr'>leotus</span> <span class='ocrx_word' id='word_1_206' title='bbox 335 2821 429 2887; x_wconf 80' lang='lat' dir='ltr'>agens</span> <span class='ocrx_word' id='word_1_207' title='bbox 453 2822 514 2864; x_wconf 93' lang='lat' dir='ltr'>non</span> <span class='ocrx_word' id='word_1_208' title='bbox 542 2801 666 2885; x_wconf 91' lang='lat' dir='ltr'>ponitur</span> <span class='ocrx_word' id='word_1_209' title='bbox 690 2805 861 2868; x_wconf 82' lang='lat' dir='ltr'>continuari</span> <span class='ocrx_word' id='word_1_210' title='bbox 896 2805 1057 2868; x_wconf 87' lang='lat' dir='ltr'>nobiseum</span> <span class='ocrx_word' id='word_1_211' title='bbox 1098 2818 1130 2867; x_wconf 92' lang='lat' dir='ltr'>ot</span> 
     </span>
     <span class='ocr_line' id='line_1_31' title="bbox 217 2889 1129 2978; baseline 0.001 -24"><span class='ocrx_word' id='word_1_212' title='bbox 217 2889 326 2963; x_wconf 85' lang='lat' dir='ltr'>forma,</span> <span class='ocrx_word' id='word_1_213' title='bbox 350 2891 406 2954; x_wconf 92' lang='lat' dir='ltr'>nisi</span> <span class='ocrx_word' id='word_1_214' title='bbox 431 2910 484 2974; x_wconf 90' lang='lat' dir='ltr'>per</span> <span class='ocrx_word' id='word_1_215' title='bbox 507 2889 565 2954; x_wconf 86' lang='lat' dir='ltr'>boe</span> <span class='ocrx_word' id='word_1_216' title='bbox 588 2889 669 2974; x_wconf 87' lang='lat' dir='ltr'>quod</span> <span class='ocrx_word' id='word_1_217' title='bbox 693 2906 738 2956; x_wconf 86' lang='lat' dir='ltr'>est</span> <span class='ocrx_word' id='word_1_218' title='bbox 761 2891 857 2956; x_wconf 88' lang='lat' dir='ltr'>lorma</span> <span class='ocrx_word' id='word_1_219' title='bbox 871 2892 1129 2978; x_wconf 75' lang='lat' dir='ltr'>speculativorunt</span> 
     </span>
     <span class='ocr_line' id='line_1_32' title="bbox 216 2977 1129 3067; baseline 0.002 -24"><span class='ocrx_word' id='word_1_220' title='bbox 216 2977 452 3056; x_wconf 84' lang='lat' dir='ltr'>intellectorum,</span> <span class='ocrx_word' id='word_1_221' title='bbox 473 2997 604 3063; x_wconf 87' lang='lat' dir='ltr'>quorum</span> <span class='ocrx_word' id='word_1_222' title='bbox 628 2979 719 3044; x_wconf 89' lang='lat' dir='ltr'>etiarn</span> <span class='ocrx_word' id='word_1_223' title='bbox 744 2987 866 3067; x_wconf 91' lang='lat' dir='ltr'>pooitur</span> <span class='ocrx_word' id='word_1_224' title='bbox 888 2981 986 3046; x_wconf 87' lang='lat' dir='ltr'>lorrua</span> <span class='ocrx_word' id='word_1_225' title='bbox 1003 3001 1058 3066; x_wconf 92' lang='lat' dir='ltr'>per</span> <span class='ocrx_word' id='word_1_226' title='bbox 1070 2980 1129 3045; x_wconf 91' lang='lat' dir='ltr'>boo</span> 
     </span>
     <span class='ocr_line' id='line_1_33' title="bbox 215 3067 1128 3155; baseline 0 -23"><span class='ocrx_word' id='word_1_227' title='bbox 215 3067 297 3153; x_wconf 84' lang='lat' dir='ltr'>quod</span> <span class='ocrx_word' id='word_1_228' title='bbox 321 3068 430 3132; x_wconf 88' lang='lat' dir='ltr'>eadem</span> <span class='ocrx_word' id='word_1_229' title='bbox 455 3067 533 3130; x_wconf 83' lang='lat' dir='ltr'>aetio</span> <span class='ocrx_word' id='word_1_230' title='bbox 556 3080 601 3131; x_wconf 89' lang='lat' dir='ltr'>est</span> <span class='ocrx_word' id='word_1_231' title='bbox 626 3069 801 3134; x_wconf 79' lang='lat' dir='ltr'>intellectus</span> <span class='ocrx_word' id='word_1_232' title='bbox 819 3070 936 3155; x_wconf 82' lang='lat' dir='ltr'>agentis</span> <span class='ocrx_word' id='word_1_233' title='bbox 960 3083 990 3133; x_wconf 91' lang='lat' dir='ltr'>et</span> <span class='ocrx_word' id='word_1_234' title='bbox 1005 3069 1128 3133; x_wconf 91' lang='lat' dir='ltr'>illorum</span> 
     </span>
     <span class='ocr_line' id='line_1_34' title="bbox 214 3155 1126 3234; baseline 0.001 -15"><span class='ocrx_word' id='word_1_235' title='bbox 214 3157 449 3234; x_wconf 85' lang='lat' dir='ltr'>intellectorum,</span> <span class='ocrx_word' id='word_1_236' title='bbox 471 3155 583 3220; x_wconf 87' lang='lat' dir='ltr'>seilicet</span> <span class='ocrx_word' id='word_1_237' title='bbox 607 3155 707 3222; x_wconf 83' lang='lat' dir='ltr'>lacere</span> <span class='ocrx_word' id='word_1_238' title='bbox 731 3159 880 3224; x_wconf 85' lang='lat' dir='ltr'>intellecta</span> <span class='ocrx_word' id='word_1_239' title='bbox 904 3161 934 3222; x_wconf 94' lang='lat' dir='ltr'>in</span> <span class='ocrx_word' id='word_1_240' title='bbox 958 3175 1034 3222; x_wconf 87' lang='lat' dir='ltr'>autu.</span> <span class='ocrx_word' id='word_1_241' title='bbox 1059 3157 1126 3221; x_wconf 86' lang='lat' dir='ltr'>Non</span> 
     </span>
     <span class='ocr_line' id='line_1_35' title="bbox 214 3245 1126 3331; baseline 0.002 -23"><span class='ocrx_word' id='word_1_242' title='bbox 214 3245 305 3328; x_wconf 80' lang='lat' dir='ltr'>igitur</span> <span class='ocrx_word' id='word_1_243' title='bbox 329 3245 438 3328; x_wconf 91' lang='lat' dir='ltr'>poterit</span> <span class='ocrx_word' id='word_1_244' title='bbox 461 3265 528 3309; x_wconf 90' lang='lat' dir='ltr'>esse</span> <span class='ocrx_word' id='word_1_245' title='bbox 552 3245 648 3310; x_wconf 87' lang='lat' dir='ltr'>lorma</span> <span class='ocrx_word' id='word_1_246' title='bbox 671 3247 759 3312; x_wconf 90' lang='lat' dir='ltr'>nobis</span> <span class='ocrx_word' id='word_1_247' title='bbox 784 3250 839 3313; x_wconf 92' lang='lat' dir='ltr'>nisi</span> <span class='ocrx_word' id='word_1_248' title='bbox 854 3247 1024 3313; x_wconf 86' lang='lat' dir='ltr'>seeundum</span> <span class='ocrx_word' id='word_1_249' title='bbox 1042 3248 1126 3331; x_wconf 89' lang='lat' dir='ltr'>quod</span> 
     </span>
     <span class='ocr_line' id='line_1_36' title="bbox 213 3334 1202 3422; baseline 0.005 -26"><span class='ocrx_word' id='word_1_250' title='bbox 213 3334 441 3398; x_wconf 82' lang='lat' dir='ltr'>communicant</span> <span class='ocrx_word' id='word_1_251' title='bbox 464 3334 495 3398; x_wconf 93' lang='lat' dir='ltr'>in</span> <span class='ocrx_word' id='word_1_252' title='bbox 518 3337 638 3398; x_wconf 85' lang='lat' dir='ltr'>actione</span> <span class='ocrx_word' id='word_1_253' title='bbox 661 3334 727 3419; x_wconf 87' lang='lat' dir='ltr'>ejus</span> <span class='ocrx_word' id='word_1_254' title='bbox 750 3336 900 3403; x_wconf 82' lang='lat' dir='ltr'>intellecta</span> <span class='ocrx_word' id='word_1_255' title='bbox 930 3335 1126 3422; x_wconf 81' lang='lat' dir='ltr'>speculativa.</span> <span class='ocrx_word' id='word_1_256' title='bbox 1201 3355 1202 3380; x_wconf 67' lang='lat'><em>³</em></span> 
     </span>
     <span class='ocr_line' id='line_1_37' title="bbox 213 3421 1126 3509; baseline 0.005 -26"><span class='ocrx_word' id='word_1_257' title='bbox 213 3421 295 3484; x_wconf 87' lang='lat' dir='ltr'>Haec</span> <span class='ocrx_word' id='word_1_258' title='bbox 318 3436 420 3485; x_wconf 88' lang='lat' dir='ltr'>autem</span> <span class='ocrx_word' id='word_1_259' title='bbox 445 3443 506 3486; x_wconf 94' lang='lat' dir='ltr'>non</span> <span class='ocrx_word' id='word_1_260' title='bbox 530 3425 759 3490; x_wconf 83' lang='lat' dir='ltr'>communicant</span> <span class='ocrx_word' id='word_1_261' title='bbox 784 3428 812 3490; x_wconf 89' lang='lat' dir='ltr'>in</span> <span class='ocrx_word' id='word_1_262' title='bbox 830 3427 949 3491; x_wconf 84' lang='lat' dir='ltr'>actione</span> <span class='ocrx_word' id='word_1_263' title='bbox 963 3424 1028 3508; x_wconf 88' lang='lat' dir='ltr'>ejus</span> <span class='ocrx_word' id='word_1_264' title='bbox 1045 3443 1126 3509; x_wconf 83' lang='lat' dir='ltr'>quae</span> 
     </span>
     <span class='ocr_line' id='line_1_38' title="bbox 217 3509 1126 3600; baseline 0.004 -28"><span class='ocrx_word' id='word_1_265' title='bbox 217 3524 261 3574; x_wconf 80' lang='lat' dir='ltr'>eat</span> <span class='ocrx_word' id='word_1_266' title='bbox 277 3509 447 3596; x_wconf 78' lang='lat' dir='ltr'>intelligere</span> <span class='ocrx_word' id='word_1_267' title='bbox 458 3513 642 3577; x_wconf 88' lang='lat' dir='ltr'>substantias</span> <span class='ocrx_word' id='word_1_268' title='bbox 665 3528 831 3598; x_wconf 86' lang='lat' dir='ltr'>separatas,</span> <span class='ocrx_word' id='word_1_269' title='bbox 847 3536 917 3580; x_wconf 89' lang='lat' dir='ltr'>oum</span> <span class='ocrx_word' id='word_1_270' title='bbox 934 3515 993 3578; x_wconf 91' lang='lat' dir='ltr'>sint</span> <span class='ocrx_word' id='word_1_271' title='bbox 1009 3515 1126 3600; x_wconf 86' lang='lat' dir='ltr'>speeies</span> 
     </span>
    </p>
   </div>
   <div class='ocr_carea' id='block_1_2' title="bbox 0 0 1230 3970">
    <p class='ocr_par' dir='ltr' id='par_1_5' title="bbox 0 0 1230 3970">
     <span class='ocr_line' id='line_1_39' title="bbox 0 0 1230 3970; baseline 0 3"><span class='ocrx_word' id='word_1_272' title='bbox 0 0 1230 3970; x_wconf 95' lang='lat' dir='ltr'> </span> 
     </span>
    </p>
   </div>
  </div>
 </body>
</html>
