2478 3972
390 247 445 292 tta.
470 247 511 291 m.
534 245 597 292 aar.
622 245 708 292 r-axt.
954 225 1017 292 935

104 317 159 382 tiae
182 328 231 382 est
263 314 343 393 linis;
377 315 561 392 secundum,
595 314 695 380 lorma
728 313 856 398 agentis
883 313 1018 390 tertium,

102 407 163 491 ipsa
187 405 347 492 dispositio
371 404 486 470 ordinis
509 404 683 470 effectuum.
715 401 902 490 Supremam
926 402 1019 489 igitur

101 497 129 560 in
153 495 265 561 ordine
287 493 460 560 intellectus
483 508 529 560 est
552 493 636 579 quod
659 494 689 558 in
716 492 777 558 line
800 491 917 556 ordinis
940 495 1019 558 ratio

99 584 284 660 adeodatum
307 582 478 649 secundum
514 583 629 660 autem,
652 581 735 667 quod
760 581 790 646 in
815 579 926 658 lorma;
961 594 1020 646 ter·

99 673 175 738 tium
201 693 288 745 vero,
311 671 395 758 quod
418 672 484 758 ipsa
507 671 623 738 ordinis
661 670 822 756 dispositio
847 669 878 734 in
910 668 1023 755 seipsa,

99 783 161 827 non
186 762 220 826 in
243 761 345 847 aliquo
368 760 468 826 altiori
500 760 661 847 principio,
685 771 898 844 cognoscatur.
934 757 1021 822 Unde

99 863 129 915 et
152 871 204 916 ars
228 870 308 935 quae
330 849 504 915 considerat
519 849 612 914 finem
637 861 683 913 est
699 848 934 914 architectonica
957 867 1021 913 res·

99 953 191 1026 pectu
217 939 284 1024 ejus
304 958 383 1024 quae
399 938 574 1004 considerat
597 936 745 1016 lormam,
768 939 847 1002 sicut
869 935 1022 1022 guberna·

100 1029 177 1094 toria
203 1041 345 1114 respectu
369 1027 577 1093 narilactivae:
601 1047 637 1092 ea
663 1047 736 1092 uero
752 1046 831 1111 quae
848 1025 1023 1092 considerat

100 1117 247 1193 formam,
269 1129 409 1203 respectu
433 1117 499 1202 ejus
530 1137 610 1202 quae
643 1115 817 1182 considerat
846 1115 947 1180 solum
971 1134 1021 1178 or-

99 1207 208 1271 dinem
232 1219 372 1271 motuum
403 1209 454 1292 qui
486 1205 667 1272 ordinantur
690 1204 729 1270 ad
767 1203 910 1283 formam,
944 1204 1022 1269 sicut

99 1294 282 1360 navilaetira
304 1309 444 1380 respectu
469 1315 579 1360 manus
602 1293 764 1359 artillcum.

77 1459 79 1466 y
166 1383 220 1448 Sic
243 1403 318 1467 ergo
341 1385 420 1448 inter
445 1384 513 1449 illos
551 1384 723 1448 intellectus
758 1383 809 1468 qui
844 1380 1022 1447 immediate

99 1473 223 1558 inipso
247 1472 313 1536 Deo
337 1471 502 1558 perlectam
534 1472 740 1556 cognitionem
773 1469 890 1536 ordinis
922 1473 1023 1556 proui-

101 1562 226 1628 dentiae
250 1560 371 1626 divinae
395 1561 566 1647 percipiunt
589 1573 635 1625 est
659 1558 786 1645 quidem
810 1560 897 1624 ordo:

143 1651 226 1732 Quia
249 1650 387 1735 supremi
411 1663 442 1714 et
463 1649 554 1736 primi
589 1649 740 1713 rationem
776 1649 892 1714 ordinis
923 1648 1023 1732 proui-

101 1736 227 1804 dentiae
249 1738 401 1822 accipiunt
424 1740 455 1802 in
478 1740 544 1824 ipso
570 1737 678 1803 ultimo
702 1736 774 1812 line,
798 1737 850 1823 qui
865 1736 1023 1802 estdivina

102 1826 225 1893 bonitas
248 1825 400 1912 (quidam
433 1841 536 1892 tamen
569 1847 678 1892 eorum
717 1825 783 1891 aliis
807 1825 918 1892 clarius
954 1825 1027 1911 (l);

103 1929 132 1980 et
154 1918 203 1982 isti
229 1915 372 1990 dicuntur
397 1915 570 2000 Seraphim,
604 1915 692 2002 quasi
731 1913 874 1980 ardentes
904 1914 953 1980 vel
977 1915 1023 1980 in-

103 2006 281 2077 cendentes,
294 2006 364 2091 quia
379 2025 433 2091 per
444 2004 621 2070 incendium
634 2005 711 2069 solet
727 2003 880 2090 designari
893 2003 1026 2069 intensio

103 2099 218 2160 amoris
243 2093 289 2158 vel
312 2094 467 2172 desiderii,
497 2093 549 2179 qui
573 2106 647 2158 sunt
669 2093 708 2158 de
733 2093 804 2158 line.
840 2092 928 2156 Unde
951 2092 1027 2157 Dio·

104 2185 211 2269 nysius
235 2181 308 2247 dicit
330 2182 414 2269 quod
430 2203 466 2247 ex
483 2183 543 2248 hoo
555 2202 664 2247 eorum
683 2181 810 2248 nomine
827 2181 1028 2264 designantur

103 2288 132 2338 ct
154 2271 355 2337 immobilitas
379 2292 487 2336 eorum
511 2291 583 2356 erga
608 2271 712 2335 divina
743 2269 866 2335 lerneus
888 2281 918 2334 et
951 2289 1026 2334 con-

103 2360 246 2426 lleribilis
271 2360 408 2426 reductio
431 2359 612 2425 inferiorum
630 2362 660 2424 in
673 2359 775 2424 Deum
788 2357 909 2424 sicutln
933 2356 1028 2424 finem

104 2449 251 2532 (Caelest.
276 2449 369 2527 llier„
392 2471 418 2514 c.
443 2450 488 2536 7).

169 2537 305 2603 Secundi
329 2551 433 2604 autem
457 2538 608 2603 rationem
646 2536 858 2624 procidentiae
893 2536 924 2600 in
962 2536 1029 2624 ipsa

105 2625 205 2692 forma
246 2626 349 2692 divina
383 2630 517 2712 perfecte
554 2639 754 2713 cognoscunn
777 2638 807 2690 et
830 2626 862 2691 hi
885 2624 1030 2690 dicuntur

109 2715 284 2794 Cheroubim,
322 2716 405 2803 quod
443 2716 661 2803 interpretatur
683 2717 829 2781 scientiae
857 2713 1033 2796 plenitnd03

105 2805 234 2870 scientia
256 2805 339 2869 enim
364 2821 419 2892 per
442 2804 573 2870 sormam
604 2805 718 2870 scibilis
741 2802 908 2890 perficitur.
945 2800 1031 2866 Unde

107 2892 179 2960 dicit
202 2893 366 2980 Dionysius
390 2892 473 2978 quod
501 2893 568 2958 talis
603 2895 772 2958 nominatio
807 2892 908 2976 signat
945 2887 1028 2976 quod

107 2996 180 3048 sunt
200 2981 427 3068 contemplativi
450 2982 482 3046 in
505 2983 604 3068 prima
628 2982 799 3069 operatrice
823 2982 935 3045 virtute
950 2978 1028 3044 divi·

109 3091 167 3136 nae
191 3068 438 3152 pulchritudinis.

176 3159 271 3224 Tertii
294 3159 476 3246 veroipsam
490 3157 721 3245 dispositionem
744 3158 918 3224 divinorum
940 3155 1034 3240 ·judi-

112 3247 228 3314 ciorum
252 3249 283 3313 in
305 3248 405 3334 seipsa
429 3247 636 3327 considerant;
651 3261 681 3314 ct
696 3247 726 3313 hi
743 3246 887 3314 dicuntur
908 3246 1037 3323 Throni3

113 3355 183 3401 nem
218 3357 274 3424 per
311 3337 458 3401 thronum
491 3349 626 3422 potestas
645 3335 806 3422 judiciaria
841 3334 1037 3420 designatur,

164 3458 202 3526 (ll
222 3455 336 3525 Quidem
353 3476 452 3525 vero...,
468 3459 561 3528 supple
582 3462 730 3530 percipiunt
744 3457 889 3532 perfectam
907 3458 1033 3528 cophilio·

114 3543 171 3582 nem
187 3532 287 3584 ordinis
304 3531 408 3584 diuinae
424 3531 611 3602 providentioe.
