<?xml version="1.0" encoding="UTF-8"?>
<!DOCTYPE html PUBLIC "-//W3C//DTD XHTML 1.0 Transitional//EN"
    "http://www.w3.org/TR/xhtml1/DTD/xhtml1-transitional.dtd">
<html xmlns="http://www.w3.org/1999/xhtml" xml:lang="en" lang="en">
 <head>
  <title>
</title>
<meta http-equiv="Content-Type" content="text/html;charset=utf-8" />
  <meta name='ocr-system' content='tesseract 3.04.00' />
  <meta name='ocr-capabilities' content='ocr_page ocr_carea ocr_par ocr_line ocrx_word'/>
</head>
<body>
  <div class='ocr_page' id='page_1' title='image "./sanctithomaeaqu00thomgoog_0438.png"; bbox 0 0 2516 3968; ppageno 0'>
   <div class='ocr_carea' id='block_1_1' title="bbox 441 240 1035 306">
    <p class='ocr_par' dir='ltr' id='par_1_1' title="bbox 441 240 1035 306">
     <span class='ocr_line' id='line_1_1' title="bbox 441 240 1035 306; baseline 0 -2"><span class='ocrx_word' id='word_1_1' title='bbox 441 261 497 306; x_wconf 81' lang='lat' dir='ltr'><strong>cro.</strong></span> <span class='ocrx_word' id='word_1_2' title='bbox 521 260 561 305; x_wconf 88' lang='lat' dir='ltr'><strong>tu.</strong></span> <span class='ocrx_word' id='word_1_3' title='bbox 585 259 648 304; x_wconf 83' lang='lat' dir='ltr'><strong>eto.</strong></span> <span class='ocrx_word' id='word_1_4' title='bbox 673 259 747 304; x_wconf 78' lang='lat' dir='ltr'><strong>ctat.</strong></span> <span class='ocrx_word' id='word_1_5' title='bbox 970 240 1035 304; x_wconf 70' lang='lat' dir='ltr'><strong>ten</strong></span> 
     </span>
    </p>
   </div>
   <div class='ocr_carea' id='block_1_2' title="bbox 68 323 1077 3683">
    <p class='ocr_par' dir='ltr' id='par_1_2' title="bbox 111 323 1035 942">
     <span class='ocr_line' id='line_1_2' title="bbox 115 323 1034 414; baseline 0.007 -23"><span class='ocrx_word' id='word_1_6' title='bbox 115 325 173 391; x_wconf 86' lang='lat' dir='ltr'><strong>bus</strong></span> <span class='ocrx_word' id='word_1_7' title='bbox 197 327 282 414; x_wconf 89' lang='lat' dir='ltr'><strong>quasi</strong></span> <span class='ocrx_word' id='word_1_8' title='bbox 321 325 613 395; x_wconf 71' lang='lat' dir='ltr'><strong>adminiculantibus</strong></span> <span class='ocrx_word' id='word_1_9' title='bbox 647 330 763 393; x_wconf 89' lang='lat' dir='ltr'><strong>utimur</strong></span> <span class='ocrx_word' id='word_1_10' title='bbox 800 323 839 392; x_wconf 90' lang='lat' dir='ltr'><strong>ad</strong></span> <span class='ocrx_word' id='word_1_11' title='bbox 878 327 1034 397; x_wconf 82' lang='lat' dir='ltr'><strong>uirtutem.</strong></span> 
     </span>
     <span class='ocr_line' id='line_1_3' title="bbox 114 415 1035 505; baseline 0.004 -25"><span class='ocrx_word' id='word_1_12' title='bbox 114 415 177 480; x_wconf 85' lang='lat' dir='ltr'><strong>Erit</strong></span> <span class='ocrx_word' id='word_1_13' title='bbox 200 417 292 501; x_wconf 79' lang='lat' dir='ltr'><strong>igitur</strong></span> <span class='ocrx_word' id='word_1_14' title='bbox 313 417 447 482; x_wconf 83' lang='lat' dir='ltr'><strong>maxima</strong></span> <span class='ocrx_word' id='word_1_15' title='bbox 471 439 570 505; x_wconf 84' lang='lat' dir='ltr'><strong>poena</strong></span> <span class='ocrx_word' id='word_1_16' title='bbox 593 418 752 483; x_wconf 82' lang='lat' dir='ltr'><strong>bominem</strong></span> <span class='ocrx_word' id='word_1_17' title='bbox 791 437 809 481; x_wconf 86' lang='lat' dir='ltr'><strong>a</strong></span> <span class='ocrx_word' id='word_1_18' title='bbox 843 416 1035 484; x_wconf 85' lang='lat' dir='ltr'><strong>beatitudine</strong></span> 
     </span>
     <span class='ocr_line' id='line_1_4' title="bbox 112 504 1034 593; baseline 0.002 -24"><span class='ocrx_word' id='word_1_19' title='bbox 112 504 249 584; x_wconf 82' lang='lat' dir='ltr'><strong>excludi3</strong></span> <span class='ocrx_word' id='word_1_20' title='bbox 273 506 446 593; x_wconf 89' lang='lat' dir='ltr'><strong>posthanc</strong></span> <span class='ocrx_word' id='word_1_21' title='bbox 471 521 586 583; x_wconf 88' lang='lat' dir='ltr'><strong>autem,</strong></span> <span class='ocrx_word' id='word_1_22' title='bbox 609 508 719 571; x_wconf 81' lang='lat' dir='ltr'><strong>virtute</strong></span> <span class='ocrx_word' id='word_1_23' title='bbox 743 505 855 592; x_wconf 75' lang='lat' dir='ltr'><strong>privari</strong></span> <span class='ocrx_word' id='word_1_24' title='bbox 878 519 909 570; x_wconf 87' lang='lat' dir='ltr'><strong>et</strong></span> <span class='ocrx_word' id='word_1_25' title='bbox 933 506 1034 593; x_wconf 84' lang='lat' dir='ltr'><strong>perle-</strong></span> 
     </span>
     <span class='ocr_line' id='line_1_5' title="bbox 112 593 1035 680; baseline 0.007 -26"><span class='ocrx_word' id='word_1_26' title='bbox 112 593 216 658; x_wconf 84' lang='lat' dir='ltr'><strong>ctiouc</strong></span> <span class='ocrx_word' id='word_1_27' title='bbox 238 615 435 680; x_wconf 85' lang='lat' dir='ltr'><strong>quacumque</strong></span> <span class='ocrx_word' id='word_1_28' title='bbox 459 595 645 661; x_wconf 75' lang='lat' dir='ltr'><strong>naturalium</strong></span> <span class='ocrx_word' id='word_1_29' title='bbox 670 595 817 661; x_wconf 85' lang='lat' dir='ltr'><strong>virtutum</strong></span> <span class='ocrx_word' id='word_1_30' title='bbox 848 596 972 660; x_wconf 86' lang='lat' dir='ltr'><strong>aninuc</strong></span> <span class='ocrx_word' id='word_1_31' title='bbox 995 595 1035 660; x_wconf 90' lang='lat' dir='ltr'><strong>ad</strong></span> 
     </span>
     <span class='ocr_line' id='line_1_6' title="bbox 113 679 1035 771; baseline 0 -23"><span class='ocrx_word' id='word_1_32' title='bbox 113 682 195 750; x_wconf 86' lang='lat' dir='ltr'><strong>benc</strong></span> <span class='ocrx_word' id='word_1_33' title='bbox 217 679 385 768; x_wconf 67' lang='lat' dir='ltr'><strong>agendum</strong></span> <span class='ocrx_word' id='word_1_34' title='bbox 407 683 521 751; x_wconf 88' lang='lat' dir='ltr'><strong>debinc</strong></span> <span class='ocrx_word' id='word_1_35' title='bbox 544 681 731 750; x_wconf 72' lang='lat' dir='ltr'><strong>naturalium</strong></span> <span class='ocrx_word' id='word_1_36' title='bbox 748 684 955 771; x_wconf 86' lang='lat' dir='ltr'><strong>potentiarum</strong></span> <span class='ocrx_word' id='word_1_37' title='bbox 969 684 1035 748; x_wconf 88' lang='lat' dir='ltr'><strong>aui-</strong></span> 
     </span>
     <span class='ocr_line' id='line_1_7' title="bbox 112 771 1035 860; baseline 0 -24"><span class='ocrx_word' id='word_1_38' title='bbox 112 791 184 836; x_wconf 88' lang='lat' dir='ltr'><strong>mac</strong></span> <span class='ocrx_word' id='word_1_39' title='bbox 206 771 412 848; x_wconf 87' lang='lat' dir='ltr'><strong>deordinatio;</strong></span> <span class='ocrx_word' id='word_1_40' title='bbox 436 786 505 860; x_wconf 86' lang='lat' dir='ltr'><strong>post</strong></span> <span class='ocrx_word' id='word_1_41' title='bbox 527 773 587 838; x_wconf 88' lang='lat' dir='ltr'><strong>hoc</strong></span> <span class='ocrx_word' id='word_1_42' title='bbox 610 785 725 851; x_wconf 86' lang='lat' dir='ltr'><strong>autem,</strong></span> <span class='ocrx_word' id='word_1_43' title='bbox 763 772 902 858; x_wconf 82' lang='lat' dir='ltr'><strong>corporis</strong></span> <span class='ocrx_word' id='word_1_44' title='bbox 940 791 1035 838; x_wconf 83' lang='lat' dir='ltr'><strong>nocu-</strong></span> 
     </span>
     <span class='ocr_line' id='line_1_8' title="bbox 111 860 1034 942; baseline 0.002 -18"><span class='ocrx_word' id='word_1_45' title='bbox 111 873 265 942; x_wconf 65' lang='lat' dir='ltr'><strong>mentum</strong></span> <span class='ocrx_word' id='word_1_46' title='bbox 277 861 720 939; x_wconf 82' lang='lat' dir='ltr'><strong>demumautem‚erteriorum</strong></span> <span class='ocrx_word' id='word_1_47' title='bbox 729 860 882 926; x_wconf 87' lang='lat' dir='ltr'><strong>bonorum</strong></span> <span class='ocrx_word' id='word_1_48' title='bbox 891 860 1034 926; x_wconf 86' lang='lat' dir='ltr'><strong>sublatio.</strong></span> 
     </span>
    </p>

    <p class='ocr_par' dir='ltr' id='par_1_3' title="bbox 68 949 1077 3610">
     <span class='ocr_line' id='line_1_9' title="bbox 181 949 1032 1038; baseline 0 -24"><span class='ocrx_word' id='word_1_49' title='bbox 181 949 254 1029; x_wconf 88' lang='lat' dir='ltr'><strong>Sed,</strong></span> <span class='ocrx_word' id='word_1_50' title='bbox 276 951 348 1036; x_wconf 84' lang='lat' dir='ltr'><strong>quia</strong></span> <span class='ocrx_word' id='word_1_51' title='bbox 371 951 410 1018; x_wconf 91' lang='lat' dir='ltr'><strong>dc</strong></span> <span class='ocrx_word' id='word_1_52' title='bbox 433 952 551 1018; x_wconf 83' lang='lat' dir='ltr'><strong>ratione</strong></span> <span class='ocrx_word' id='word_1_53' title='bbox 585 970 704 1038; x_wconf 87' lang='lat' dir='ltr'><strong>poenae</strong></span> <span class='ocrx_word' id='word_1_54' title='bbox 738 961 794 1028; x_wconf 82' lang='lat' dir='ltr'><strong>est,</strong></span> <span class='ocrx_word' id='word_1_55' title='bbox 828 965 891 1014; x_wconf 83' lang='lat' dir='ltr'><strong>nou</strong></span> <span class='ocrx_word' id='word_1_56' title='bbox 930 950 1032 1016; x_wconf 90' lang='lat' dir='ltr'><strong>solum</strong></span> 
     </span>
     <span class='ocr_line' id='line_1_10' title="bbox 113 1037 1036 1126; baseline 0.002 -24"><span class='ocrx_word' id='word_1_57' title='bbox 113 1037 198 1122; x_wconf 90' lang='lat' dir='ltr'><strong>quod</strong></span> <span class='ocrx_word' id='word_1_58' title='bbox 221 1039 259 1106; x_wconf 87' lang='lat' dir='ltr'><strong>sit</strong></span> <span class='ocrx_word' id='word_1_59' title='bbox 283 1038 429 1126; x_wconf 84' lang='lat' dir='ltr'><strong>privativa</strong></span> <span class='ocrx_word' id='word_1_60' title='bbox 453 1039 537 1119; x_wconf 88' lang='lat' dir='ltr'><strong>boni,</strong></span> <span class='ocrx_word' id='word_1_61' title='bbox 560 1040 616 1105; x_wconf 86' lang='lat' dir='ltr'><strong>sed</strong></span> <span class='ocrx_word' id='word_1_62' title='bbox 639 1041 731 1104; x_wconf 85' lang='lat' dir='ltr'><strong>ctiam</strong></span> <span class='ocrx_word' id='word_1_63' title='bbox 768 1038 853 1126; x_wconf 86' lang='lat' dir='ltr'><strong>quod</strong></span> <span class='ocrx_word' id='word_1_64' title='bbox 887 1038 925 1102; x_wconf 89' lang='lat' dir='ltr'><strong>sit</strong></span> <span class='ocrx_word' id='word_1_65' title='bbox 959 1059 1036 1104; x_wconf 87' lang='lat' dir='ltr'><strong>con·</strong></span> 
     </span>
     <span class='ocr_line' id='line_1_11' title="bbox 115 1127 1035 1212; baseline 0.003 -22"><span class='ocrx_word' id='word_1_66' title='bbox 115 1127 207 1191; x_wconf 85' lang='lat' dir='ltr'><strong>traria</strong></span> <span class='ocrx_word' id='word_1_67' title='bbox 232 1127 390 1206; x_wconf 83' lang='lat' dir='ltr'><strong>voluntati,</strong></span> <span class='ocrx_word' id='word_1_68' title='bbox 411 1147 475 1193; x_wconf 91' lang='lat' dir='ltr'><strong>non</strong></span> <span class='ocrx_word' id='word_1_69' title='bbox 499 1143 602 1194; x_wconf 89' lang='lat' dir='ltr'><strong>antem</strong></span> <span class='ocrx_word' id='word_1_70' title='bbox 625 1127 788 1212; x_wconf 84' lang='lat' dir='ltr'><strong>cujuslibet</strong></span> <span class='ocrx_word' id='word_1_71' title='bbox 824 1127 959 1194; x_wconf 90' lang='lat' dir='ltr'><strong>bominis</strong></span> <span class='ocrx_word' id='word_1_72' title='bbox 982 1148 1035 1193; x_wconf 88' lang='lat' dir='ltr'><strong>vo·</strong></span> 
     </span>
     <span class='ocr_line' id='line_1_12' title="bbox 112 1214 1034 1308; baseline 0.004 -30"><span class='ocrx_word' id='word_1_73' title='bbox 112 1214 216 1280; x_wconf 89' lang='lat' dir='ltr'><strong>luntas</strong></span> <span class='ocrx_word' id='word_1_74' title='bbox 237 1217 390 1282; x_wconf 80' lang='lat' dir='ltr'><strong>existimat</strong></span> <span class='ocrx_word' id='word_1_75' title='bbox 413 1215 494 1282; x_wconf 90' lang='lat' dir='ltr'><strong>bona</strong></span> <span class='ocrx_word' id='word_1_76' title='bbox 517 1217 687 1284; x_wconf 86' lang='lat' dir='ltr'><strong>secundum</strong></span> <span class='ocrx_word' id='word_1_77' title='bbox 712 1217 795 1308; x_wconf 82' lang='lat' dir='ltr'><strong>quod</strong></span> <span class='ocrx_word' id='word_1_78' title='bbox 810 1229 893 1290; x_wconf 87' lang='lat' dir='ltr'><strong>runt,</strong></span> <span class='ocrx_word' id='word_1_79' title='bbox 915 1218 1034 1282; x_wconf 85' lang='lat' dir='ltr'><strong>contiu-</strong></span> 
     </span>
     <span class='ocr_line' id='line_1_13' title="bbox 87 1303 1034 1394; baseline 0.004 -28"><span class='ocrx_word' id='word_1_80' title='bbox 87 1303 156 1388; x_wconf 78' lang='lat' dir='ltr'><strong>.glt</strong></span> <span class='ocrx_word' id='word_1_81' title='bbox 179 1304 441 1391; x_wconf 80' lang='lat' dir='ltr'><strong>interdum-quod</strong></span> <span class='ocrx_word' id='word_1_82' title='bbox 465 1306 495 1370; x_wconf 92' lang='lat' dir='ltr'><strong>id</strong></span> <span class='ocrx_word' id='word_1_83' title='bbox 518 1305 603 1394; x_wconf 90' lang='lat' dir='ltr'><strong>quod</strong></span> <span class='ocrx_word' id='word_1_84' title='bbox 627 1319 673 1370; x_wconf 89' lang='lat' dir='ltr'><strong>cst</strong></span> <span class='ocrx_word' id='word_1_85' title='bbox 695 1303 821 1390; x_wconf 82' lang='lat' dir='ltr'><strong>majoris</strong></span> <span class='ocrx_word' id='word_1_86' title='bbox 859 1304 932 1369; x_wconf 90' lang='lat' dir='ltr'><strong>boni</strong></span> <span class='ocrx_word' id='word_1_87' title='bbox 971 1306 1034 1392; x_wconf 82' lang='lat' dir='ltr'><strong>pri·</strong></span> 
     </span>
     <span class='ocr_line' id='line_1_14' title="bbox 112 1391 1033 1480; baseline 0.005 -26"><span class='ocrx_word' id='word_1_88' title='bbox 112 1391 247 1460; x_wconf 81' lang='lat' dir='ltr'><strong>uotiuum</strong></span> <span class='ocrx_word' id='word_1_89' title='bbox 270 1405 315 1458; x_wconf 87' lang='lat' dir='ltr'><strong>est</strong></span> <span class='ocrx_word' id='word_1_90' title='bbox 339 1394 442 1460; x_wconf 87' lang='lat' dir='ltr'><strong>minus</strong></span> <span class='ocrx_word' id='word_1_91' title='bbox 465 1394 653 1460; x_wconf 88' lang='lat' dir='ltr'><strong>contrarium</strong></span> <span class='ocrx_word' id='word_1_92' title='bbox 676 1393 835 1471; x_wconf 78' lang='lat' dir='ltr'><strong>voluntati,</strong></span> <span class='ocrx_word' id='word_1_93' title='bbox 851 1406 891 1472; x_wconf 88' lang='lat' dir='ltr'><strong>ct,</strong></span> <span class='ocrx_word' id='word_1_94' title='bbox 907 1408 1033 1480; x_wconf 82' lang='lat' dir='ltr'><strong>propter</strong></span> 
     </span>
     <span class='ocr_line' id='line_1_15' title="bbox 113 1480 1033 1570; baseline 0.005 -26"><span class='ocrx_word' id='word_1_95' title='bbox 113 1480 184 1559; x_wconf 89' lang='lat' dir='ltr'><strong>boc,</strong></span> <span class='ocrx_word' id='word_1_96' title='bbox 207 1481 309 1548; x_wconf 85' lang='lat' dir='ltr'><strong>minua</strong></span> <span class='ocrx_word' id='word_1_97' title='bbox 332 1481 461 1568; x_wconf 84' lang='lat' dir='ltr'><strong>poenale</strong></span> <span class='ocrx_word' id='word_1_98' title='bbox 484 1503 551 1548; x_wconf 85' lang='lat' dir='ltr'><strong>csse</strong></span> <span class='ocrx_word' id='word_1_99' title='bbox 575 1483 704 1561; x_wconf 75' lang='lat' dir='ltr'><strong>ridetun</strong></span> <span class='ocrx_word' id='word_1_100' title='bbox 728 1495 758 1548; x_wconf 87' lang='lat' dir='ltr'><strong>ct</strong></span> <span class='ocrx_word' id='word_1_101' title='bbox 781 1482 854 1548; x_wconf 87' lang='lat' dir='ltr'><strong>inde</strong></span> <span class='ocrx_word' id='word_1_102' title='bbox 887 1482 1033 1570; x_wconf 86' lang='lat' dir='ltr'><strong>estquod</strong></span> 
     </span>
     <span class='ocr_line' id='line_1_16' title="bbox 113 1568 1033 1659; baseline 0.004 -26"><span class='ocrx_word' id='word_1_103' title='bbox 113 1568 222 1656; x_wconf 83' lang='lat' dir='ltr'><strong>plures</strong></span> <span class='ocrx_word' id='word_1_104' title='bbox 243 1569 396 1646; x_wconf 85' lang='lat' dir='ltr'><strong>homines,</strong></span> <span class='ocrx_word' id='word_1_105' title='bbox 419 1571 471 1659; x_wconf 91' lang='lat' dir='ltr'><strong>qui</strong></span> <span class='ocrx_word' id='word_1_106' title='bbox 496 1571 576 1640; x_wconf 82' lang='lat' dir='ltr'><strong>bont</strong></span> <span class='ocrx_word' id='word_1_107' title='bbox 600 1569 757 1637; x_wconf 85' lang='lat' dir='ltr'><strong>serasibilia</strong></span> <span class='ocrx_word' id='word_1_108' title='bbox 794 1585 826 1636; x_wconf 84' lang='lat' dir='ltr'><strong>ct</strong></span> <span class='ocrx_word' id='word_1_109' title='bbox 862 1572 1033 1658; x_wconf 84' lang='lat' dir='ltr'><strong>corporalia</strong></span> 
     </span>
     <span class='ocr_line' id='line_1_17' title="bbox 113 1659 1032 1746; baseline 0.004 -24"><span class='ocrx_word' id='word_1_110' title='bbox 113 1661 213 1744; x_wconf 79' lang='lat' dir='ltr'><strong>magis</strong></span> <span class='ocrx_word' id='word_1_111' title='bbox 236 1659 400 1726; x_wconf 82' lang='lat' dir='ltr'><strong>aestimant</strong></span> <span class='ocrx_word' id='word_1_112' title='bbox 422 1673 452 1726; x_wconf 85' lang='lat' dir='ltr'><strong>ct</strong></span> <span class='ocrx_word' id='word_1_113' title='bbox 475 1671 665 1745; x_wconf 76' lang='lat' dir='ltr'><strong>cognoscunt</strong></span> <span class='ocrx_word' id='word_1_114' title='bbox 702 1679 795 1745; x_wconf 89' lang='lat' dir='ltr'><strong>quam</strong></span> <span class='ocrx_word' id='word_1_115' title='bbox 830 1659 1032 1746; x_wconf 77' lang='lat' dir='ltr'><strong>intelligibilia</strong></span> 
     </span>
     <span class='ocr_line' id='line_1_18' title="bbox 113 1747 1032 1836; baseline 0.004 -26"><span class='ocrx_word' id='word_1_116' title='bbox 113 1759 144 1810; x_wconf 88' lang='lat' dir='ltr'><strong>et</strong></span> <span class='ocrx_word' id='word_1_117' title='bbox 167 1748 348 1834; x_wconf 79' lang='lat' dir='ltr'><strong>spiritualia,</strong></span> <span class='ocrx_word' id='word_1_118' title='bbox 371 1749 440 1836; x_wconf 86' lang='lat' dir='ltr'><strong>plus</strong></span> <span class='ocrx_word' id='word_1_119' title='bbox 463 1749 572 1814; x_wconf 87' lang='lat' dir='ltr'><strong>timent</strong></span> <span class='ocrx_word' id='word_1_120' title='bbox 594 1747 770 1836; x_wconf 73' lang='lat' dir='ltr'><strong>corporalem</strong></span> <span class='ocrx_word' id='word_1_121' title='bbox 793 1768 908 1835; x_wconf 83' lang='lat' dir='ltr'><strong>poenos</strong></span> <span class='ocrx_word' id='word_1_122' title='bbox 938 1770 1032 1836; x_wconf 84' lang='lat' dir='ltr'><strong>quam</strong></span> 
     </span>
     <span class='ocr_line' id='line_1_19' title="bbox 111 1837 1033 1924; baseline 0.004 -25"><span class='ocrx_word' id='word_1_123' title='bbox 111 1837 297 1922; x_wconf 62' lang='lat' dir='ltr'><strong>spiritualem</strong></span> <span class='ocrx_word' id='word_1_124' title='bbox 320 1838 494 1903; x_wconf 81' lang='lat' dir='ltr'><strong>secutrdum</strong></span> <span class='ocrx_word' id='word_1_125' title='bbox 518 1853 651 1924; x_wconf 89' lang='lat' dir='ltr'><strong>quorum</strong></span> <span class='ocrx_word' id='word_1_126' title='bbox 689 1837 934 1902; x_wconf 79' lang='lat' dir='ltr'><strong>aestimationem</strong></span> <span class='ocrx_word' id='word_1_127' title='bbox 958 1859 1033 1903; x_wconf 86' lang='lat' dir='ltr'><strong>cotr-</strong></span> 
     </span>
     <span class='ocr_line' id='line_1_20' title="bbox 113 1925 1034 2014; baseline 0.007 -27"><span class='ocrx_word' id='word_1_128' title='bbox 113 1925 225 1990; x_wconf 85' lang='lat' dir='ltr'><strong>tmrius</strong></span> <span class='ocrx_word' id='word_1_129' title='bbox 248 1925 325 1991; x_wconf 84' lang='lat' dir='ltr'><strong>ordo</strong></span> <span class='ocrx_word' id='word_1_130' title='bbox 347 1927 468 1993; x_wconf 85' lang='lat' dir='ltr'><strong>videtur</strong></span> <span class='ocrx_word' id='word_1_131' title='bbox 501 1941 673 2014; x_wconf 82' lang='lat' dir='ltr'><strong>poenarum</strong></span> <span class='ocrx_word' id='word_1_132' title='bbox 707 1925 807 1994; x_wconf 84' lang='lat' dir='ltr'><strong>ordini</strong></span> <span class='ocrx_word' id='word_1_133' title='bbox 845 1926 1034 2013; x_wconf 75' lang='lat' dir='ltr'><strong>supradicto.</strong></span> 
     </span>
     <span class='ocr_line' id='line_1_21' title="bbox 112 2011 1034 2104; baseline 0.007 -28"><span class='ocrx_word' id='word_1_134' title='bbox 112 2011 201 2100; x_wconf 80' lang='lat' dir='ltr'><strong>Apud</strong></span> <span class='ocrx_word' id='word_1_135' title='bbox 225 2013 387 2080; x_wconf 82' lang='lat' dir='ltr'><strong>basanim</strong></span> <span class='ocrx_word' id='word_1_136' title='bbox 410 2017 543 2081; x_wconf 81' lang='lat' dir='ltr'><strong>maxima</strong></span> <span class='ocrx_word' id='word_1_137' title='bbox 567 2037 667 2104; x_wconf 85' lang='lat' dir='ltr'><strong>poena</strong></span> <span class='ocrx_word' id='word_1_138' title='bbox 688 2017 890 2082; x_wconf 74' lang='lat' dir='ltr'><strong>aestimantur</strong></span> <span class='ocrx_word' id='word_1_139' title='bbox 925 2015 1034 2082; x_wconf 84' lang='lat' dir='ltr'><strong>laesio·</strong></span> 
     </span>
     <span class='ocr_line' id='line_1_22' title="bbox 113 2103 1033 2189; baseline 0.004 -24"><span class='ocrx_word' id='word_1_140' title='bbox 113 2121 170 2166; x_wconf 86' lang='lat' dir='ltr'><strong>ncs</strong></span> <span class='ocrx_word' id='word_1_141' title='bbox 193 2103 332 2189; x_wconf 86' lang='lat' dir='ltr'><strong>corporis</strong></span> <span class='ocrx_word' id='word_1_142' title='bbox 354 2119 385 2174; x_wconf 87' lang='lat' dir='ltr'><strong>ct</strong></span> <span class='ocrx_word' id='word_1_143' title='bbox 407 2105 520 2170; x_wconf 88' lang='lat' dir='ltr'><strong>damna</strong></span> <span class='ocrx_word' id='word_1_144' title='bbox 544 2125 648 2170; x_wconf 88' lang='lat' dir='ltr'><strong>rerum</strong></span> <span class='ocrx_word' id='word_1_145' title='bbox 672 2106 871 2182; x_wconf 63' lang='lat' dir='ltr'><strong>exteriorum</strong></span> <span class='ocrx_word' id='word_1_146' title='bbox 908 2103 1033 2171; x_wconf 84' lang='lat' dir='ltr'><strong>deordi-</strong></span> 
     </span>
     <span class='ocr_line' id='line_1_23' title="bbox 112 2191 1033 2272; baseline 0.003 -17"><span class='ocrx_word' id='word_1_147' title='bbox 112 2191 197 2256; x_wconf 90' lang='lat' dir='ltr'><strong>natio</strong></span> <span class='ocrx_word' id='word_1_148' title='bbox 219 2206 321 2257; x_wconf 76' lang='lat' dir='ltr'><strong>amem</strong></span> <span class='ocrx_word' id='word_1_149' title='bbox 346 2193 479 2272; x_wconf 83' lang='lat' dir='ltr'><strong>animae,</strong></span> <span class='ocrx_word' id='word_1_150' title='bbox 501 2206 532 2258; x_wconf 88' lang='lat' dir='ltr'><strong>et</strong></span> <span class='ocrx_word' id='word_1_151' title='bbox 551 2193 702 2258; x_wconf 77' lang='lat' dir='ltr'><strong>damnum</strong></span> <span class='ocrx_word' id='word_1_152' title='bbox 726 2191 855 2268; x_wconf 81' lang='lat' dir='ltr'><strong>virtutis,</strong></span> <span class='ocrx_word' id='word_1_153' title='bbox 877 2205 908 2256; x_wconf 87' lang='lat' dir='ltr'><strong>ct</strong></span> <span class='ocrx_word' id='word_1_154' title='bbox 941 2195 1033 2258; x_wconf 73' lang='lat' dir='ltr'><strong>arnis</strong></span> 
     </span>
     <span class='ocr_line' id='line_1_24' title="bbox 112 2278 1033 2368; baseline 0.003 -25"><span class='ocrx_word' id='word_1_155' title='bbox 112 2280 160 2344; x_wconf 83' lang='lat' dir='ltr'><strong>sio</strong></span> <span class='ocrx_word' id='word_1_156' title='bbox 182 2278 334 2346; x_wconf 84' lang='lat' dir='ltr'><strong>lruitionie</strong></span> <span class='ocrx_word' id='word_1_157' title='bbox 358 2281 490 2360; x_wconf 83' lang='lat' dir='ltr'><strong>divinae,</strong></span> <span class='ocrx_word' id='word_1_158' title='bbox 513 2283 543 2346; x_wconf 90' lang='lat' dir='ltr'><strong>in</strong></span> <span class='ocrx_word' id='word_1_159' title='bbox 568 2301 627 2368; x_wconf 84' lang='lat' dir='ltr'><strong>qua</strong></span> <span class='ocrx_word' id='word_1_160' title='bbox 650 2282 788 2346; x_wconf 78' lang='lat' dir='ltr'><strong>consistit</strong></span> <span class='ocrx_word' id='word_1_161' title='bbox 810 2279 917 2344; x_wconf 88' lang='lat' dir='ltr'><strong>ultima</strong></span> <span class='ocrx_word' id='word_1_162' title='bbox 934 2280 1033 2352; x_wconf 88' lang='lat' dir='ltr'><strong>bomi-</strong></span> 
     </span>
     <span class='ocr_line' id='line_1_25' title="bbox 114 2367 1033 2459; baseline 0.007 -28"><span class='ocrx_word' id='word_1_163' title='bbox 114 2369 162 2434; x_wconf 86' lang='lat' dir='ltr'><strong>nis</strong></span> <span class='ocrx_word' id='word_1_164' title='bbox 185 2367 323 2454; x_wconf 87' lang='lat' dir='ltr'><strong>lclicitas,</strong></span> <span class='ocrx_word' id='word_1_165' title='bbox 346 2383 399 2436; x_wconf 88' lang='lat' dir='ltr'><strong>aut</strong></span> <span class='ocrx_word' id='word_1_166' title='bbox 422 2369 580 2442; x_wconf 85' lang='lat' dir='ltr'><strong>modicum</strong></span> <span class='ocrx_word' id='word_1_167' title='bbox 604 2385 656 2437; x_wconf 93' lang='lat' dir='ltr'><strong>aut</strong></span> <span class='ocrx_word' id='word_1_168' title='bbox 689 2369 766 2434; x_wconf 89' lang='lat' dir='ltr'><strong>nibil</strong></span> <span class='ocrx_word' id='word_1_169' title='bbox 800 2381 959 2459; x_wconf 80' lang='lat' dir='ltr'><strong>reputatur</strong></span> <span class='ocrx_word' id='word_1_170' title='bbox 994 2371 1033 2438; x_wconf 84' lang='lat' dir='ltr'><strong>ab</strong></span> 
     </span>
     <span class='ocr_line' id='line_1_26' title="bbox 113 2456 1077 2548; baseline 0.005 -28"><span class='ocrx_word' id='word_1_171' title='bbox 113 2456 169 2522; x_wconf 89' lang='lat' dir='ltr'><strong>cis.</strong></span> <span class='ocrx_word' id='word_1_172' title='bbox 192 2457 269 2528; x_wconf 81' lang='lat' dir='ltr'><strong>ilino</strong></span> <span class='ocrx_word' id='word_1_173' title='bbox 292 2474 395 2525; x_wconf 83' lang='lat' dir='ltr'><strong>amem</strong></span> <span class='ocrx_word' id='word_1_174' title='bbox 419 2459 558 2548; x_wconf 84' lang='lat' dir='ltr'><strong>procedit</strong></span> <span class='ocrx_word' id='word_1_175' title='bbox 584 2459 668 2545; x_wconf 87' lang='lat' dir='ltr'><strong>quod</strong></span> <span class='ocrx_word' id='word_1_176' title='bbox 707 2459 870 2526; x_wconf 88' lang='lat' dir='ltr'><strong>bominum</strong></span> <span class='ocrx_word' id='word_1_177' title='bbox 909 2473 1034 2544; x_wconf 83' lang='lat' dir='ltr'><strong>peccata</strong></span> <span class='ocrx_word' id='word_1_178' title='bbox 1076 2507 1077 2511; x_wconf 65' lang='lat'>,</span> 
     </span>
     <span class='ocr_line' id='line_1_27' title="bbox 114 2545 1035 2634; baseline 0.003 -24"><span class='ocrx_word' id='word_1_179' title='bbox 114 2567 132 2610; x_wconf 91' lang='lat' dir='ltr'><strong>a</strong></span> <span class='ocrx_word' id='word_1_180' title='bbox 156 2545 224 2611; x_wconf 83' lang='lat' dir='ltr'><strong>Dan</strong></span> <span class='ocrx_word' id='word_1_181' title='bbox 246 2549 348 2633; x_wconf 82' lang='lat' dir='ltr'><strong>puniri</strong></span> <span class='ocrx_word' id='word_1_182' title='bbox 372 2569 435 2614; x_wconf 92' lang='lat' dir='ltr'><strong>non</strong></span> <span class='ocrx_word' id='word_1_183' title='bbox 459 2549 632 2626; x_wconf 87' lang='lat' dir='ltr'><strong>aestimant,</strong></span> <span class='ocrx_word' id='word_1_184' title='bbox 647 2547 718 2633; x_wconf 87' lang='lat' dir='ltr'><strong>quia</strong></span> <span class='ocrx_word' id='word_1_185' title='bbox 735 2545 840 2612; x_wconf 80' lang='lat' dir='ltr'><strong>videtu</strong></span> <span class='ocrx_word' id='word_1_186' title='bbox 851 2545 1035 2634; x_wconf 79' lang='lat' dir='ltr'><strong>plerumque</strong></span> 
     </span>
     <span class='ocr_line' id='line_1_28' title="bbox 68 2637 1033 2722; baseline 0.001 -23"><span class='ocrx_word' id='word_1_187' title='bbox 68 2683 71 2688; x_wconf 84' lang='lat'>-</span> <span class='ocrx_word' id='word_1_188' title='bbox 117 2649 297 2721; x_wconf 83' lang='lat' dir='ltr'><strong>peccatores</strong></span> <span class='ocrx_word' id='word_1_189' title='bbox 320 2637 531 2722; x_wconf 74' lang='lat' dir='ltr'><strong>incolumitate</strong></span> <span class='ocrx_word' id='word_1_190' title='bbox 553 2638 692 2722; x_wconf 72' lang='lat' dir='ltr'><strong>cornone</strong></span> <span class='ocrx_word' id='word_1_191' title='bbox 715 2637 818 2720; x_wconf 79' lang='lat' dir='ltr'><strong>uigere</strong></span> <span class='ocrx_word' id='word_1_192' title='bbox 840 2649 870 2699; x_wconf 89' lang='lat' dir='ltr'><strong>ct</strong></span> <span class='ocrx_word' id='word_1_193' title='bbox 885 2637 1033 2701; x_wconf 42' lang='lat' dir='ltr'><strong>xanteriori</strong></span> 
     </span>
     <span class='ocr_line' id='line_1_29' title="bbox 114 2723 1034 2813; baseline 0.003 -26"><span class='ocrx_word' id='word_1_194' title='bbox 114 2723 238 2788; x_wconf 88' lang='lat' dir='ltr'><strong>lortuna</strong></span> <span class='ocrx_word' id='word_1_195' title='bbox 261 2725 365 2812; x_wconf 81' lang='lat' dir='ltr'><strong>potiri,</strong></span> <span class='ocrx_word' id='word_1_196' title='bbox 392 2727 505 2813; x_wconf 83' lang='lat' dir='ltr'><strong>quibus</strong></span> <span class='ocrx_word' id='word_1_197' title='bbox 543 2725 699 2799; x_wconf 80' lang='lat' dir='ltr'><strong>interdum</strong></span> <span class='ocrx_word' id='word_1_198' title='bbox 734 2723 875 2789; x_wconf 87' lang='lat' dir='ltr'><strong>bomiues</strong></span> <span class='ocrx_word' id='word_1_199' title='bbox 908 2725 1034 2790; x_wconf 84' lang='lat' dir='ltr'><strong>virtuosi</strong></span> 
     </span>
     <span class='ocr_line' id='line_1_30' title="bbox 114 2811 1031 2902; baseline 0.001 -26"><span class='ocrx_word' id='word_1_200' title='bbox 114 2812 284 2897; x_wconf 82' lang='lat' dir='ltr'><strong>privantur3</strong></span> <span class='ocrx_word' id='word_1_201' title='bbox 306 2813 390 2902; x_wconf 86' lang='lat' dir='ltr'><strong>quod</strong></span> <span class='ocrx_word' id='word_1_202' title='bbox 414 2829 496 2880; x_wconf 87' lang='lat' dir='ltr'><strong>recta</strong></span> <span class='ocrx_word' id='word_1_203' title='bbox 517 2812 785 2886; x_wconf 82' lang='lat' dir='ltr'><strong>considerantibus</strong></span> <span class='ocrx_word' id='word_1_204' title='bbox 805 2811 1031 2878; x_wconf 59' lang='lat' dir='ltr'><strong>mirom&#39;rideri</strong></span> 
     </span>
     <span class='ocr_line' id='line_1_31' title="bbox 112 2900 1034 2974; baseline 0.002 -9"><span class='ocrx_word' id='word_1_205' title='bbox 112 2921 177 2966; x_wconf 87' lang='lat' dir='ltr'><strong>non</strong></span> <span class='ocrx_word' id='word_1_206' title='bbox 201 2900 304 2968; x_wconf 87' lang='lat' dir='ltr'><strong>debet.</strong></span> <span class='ocrx_word' id='word_1_207' title='bbox 329 2902 407 2970; x_wconf 89' lang='lat' dir='ltr'><strong>Cum</strong></span> <span class='ocrx_word' id='word_1_208' title='bbox 430 2904 513 2969; x_wconf 89' lang='lat' dir='ltr'><strong>enim</strong></span> <span class='ocrx_word' id='word_1_209' title='bbox 536 2903 642 2968; x_wconf 91' lang='lat' dir='ltr'><strong>omnia</strong></span> <span class='ocrx_word' id='word_1_210' title='bbox 666 2905 817 2968; x_wconf 81' lang='lat' dir='ltr'><strong>extoriora</strong></span> <span class='ocrx_word' id='word_1_211' title='bbox 833 2901 872 2966; x_wconf 86' lang='lat' dir='ltr'><strong>ad</strong></span> <span class='ocrx_word' id='word_1_212' title='bbox 889 2903 1034 2974; x_wconf 88' lang='lat' dir='ltr'><strong>interiora</strong></span> 
     </span>
     <span class='ocr_line' id='line_1_32' title="bbox 113 2989 1033 3078; baseline 0.001 -24"><span class='ocrx_word' id='word_1_213' title='bbox 113 2990 307 3069; x_wconf 84' lang='lat' dir='ltr'><strong>ordinantur,</strong></span> <span class='ocrx_word' id='word_1_214' title='bbox 329 3011 443 3078; x_wconf 85' lang='lat' dir='ltr'><strong>corpus</strong></span> <span class='ocrx_word' id='word_1_215' title='bbox 481 3003 583 3058; x_wconf 73' lang='lat' dir='ltr'><strong>auten</strong></span> <span class='ocrx_word' id='word_1_216' title='bbox 621 2989 660 3055; x_wconf 86' lang='lat' dir='ltr'><strong>ad</strong></span> <span class='ocrx_word' id='word_1_217' title='bbox 695 2991 844 3064; x_wconf 79' lang='lat' dir='ltr'><strong>salinam,</strong></span> <span class='ocrx_word' id='word_1_218' title='bbox 881 2991 1033 3055; x_wconf 87' lang='lat' dir='ltr'><strong>intantum</strong></span> 
     </span>
     <span class='ocr_line' id='line_1_33' title="bbox 112 3079 1034 3168; baseline 0.002 -26"><span class='ocrx_word' id='word_1_219' title='bbox 112 3080 264 3143; x_wconf 80' lang='lat' dir='ltr'><strong>exteriora</strong></span> <span class='ocrx_word' id='word_1_220' title='bbox 287 3093 316 3144; x_wconf 84' lang='lat' dir='ltr'><strong>st</strong></span> <span class='ocrx_word' id='word_1_221' title='bbox 340 3081 509 3168; x_wconf 85' lang='lat' dir='ltr'><strong>corporalia</strong></span> <span class='ocrx_word' id='word_1_222' title='bbox 533 3081 614 3145; x_wconf 83' lang='lat' dir='ltr'><strong>bona</strong></span> <span class='ocrx_word' id='word_1_223' title='bbox 636 3095 709 3144; x_wconf 86' lang='lat' dir='ltr'><strong>sunt</strong></span> <span class='ocrx_word' id='word_1_224' title='bbox 733 3079 850 3143; x_wconf 88' lang='lat' dir='ltr'><strong>bomini</strong></span> <span class='ocrx_word' id='word_1_225' title='bbox 881 3079 963 3144; x_wconf 83' lang='lat' dir='ltr'><strong>bona</strong></span> <span class='ocrx_word' id='word_1_226' title='bbox 987 3081 1034 3144; x_wconf 92' lang='lat' dir='ltr'><strong>in·</strong></span> 
     </span>
     <span class='ocr_line' id='line_1_34' title="bbox 111 3166 1033 3255; baseline 0.001 -23"><span class='ocrx_word' id='word_1_227' title='bbox 111 3180 264 3253; x_wconf 85' lang='lat' dir='ltr'><strong>quantum</strong></span> <span class='ocrx_word' id='word_1_228' title='bbox 287 3169 327 3233; x_wconf 89' lang='lat' dir='ltr'><strong>ad</strong></span> <span class='ocrx_word' id='word_1_229' title='bbox 351 3170 467 3234; x_wconf 89' lang='lat' dir='ltr'><strong>bonum</strong></span> <span class='ocrx_word' id='word_1_230' title='bbox 492 3169 617 3244; x_wconf 84' lang='lat' dir='ltr'><strong>rationis</strong></span> <span class='ocrx_word' id='word_1_231' title='bbox 648 3167 823 3255; x_wconf 58' lang='lat' dir='ltr'><strong>proliciunt</strong></span> <span class='ocrx_word' id='word_1_232' title='bbox 859 3166 1033 3236; x_wconf 78' lang='lat' dir='ltr'><strong>secuudum</strong></span> 
     </span>
     <span class='ocr_line' id='line_1_35' title="bbox 114 3256 1033 3343; baseline 0.002 -23"><span class='ocrx_word' id='word_1_233' title='bbox 114 3275 188 3321; x_wconf 86' lang='lat' dir='ltr'><strong>vcro</strong></span> <span class='ocrx_word' id='word_1_234' title='bbox 210 3256 295 3343; x_wconf 91' lang='lat' dir='ltr'><strong>quod</strong></span> <span class='ocrx_word' id='word_1_235' title='bbox 318 3257 435 3322; x_wconf 90' lang='lat' dir='ltr'><strong>bonum</strong></span> <span class='ocrx_word' id='word_1_236' title='bbox 459 3259 585 3323; x_wconf 88' lang='lat' dir='ltr'><strong>rationis</strong></span> <span class='ocrx_word' id='word_1_237' title='bbox 608 3256 792 3343; x_wconf 85' lang='lat' dir='ltr'><strong>impediunt,</strong></span> <span class='ocrx_word' id='word_1_238' title='bbox 814 3256 932 3322; x_wconf 82' lang='lat' dir='ltr'><strong>bomitu</strong></span> <span class='ocrx_word' id='word_1_239' title='bbox 964 3276 1033 3322; x_wconf 71' lang='lat' dir='ltr'><strong>ren</strong></span> 
     </span>
     <span class='ocr_line' id='line_1_36' title="bbox 114 3345 1034 3432; baseline 0.002 -24"><span class='ocrx_word' id='word_1_240' title='bbox 114 3358 221 3414; x_wconf 74' lang='lat' dir='ltr'><strong>turtur</strong></span> <span class='ocrx_word' id='word_1_241' title='bbox 244 3345 275 3410; x_wconf 88' lang='lat' dir='ltr'><strong>in</strong></span> <span class='ocrx_word' id='word_1_242' title='bbox 299 3345 427 3411; x_wconf 79' lang='lat' dir='ltr'><strong>malum.</strong></span> <span class='ocrx_word' id='word_1_243' title='bbox 460 3345 551 3416; x_wconf 79' lang='lat' dir='ltr'><strong>Novit</strong></span> <span class='ocrx_word' id='word_1_244' title='bbox 584 3358 688 3410; x_wconf 85' lang='lat' dir='ltr'><strong>autem</strong></span> <span class='ocrx_word' id='word_1_245' title='bbox 727 3357 842 3417; x_wconf 83' lang='lat' dir='ltr'><strong>rerum</strong></span> <span class='ocrx_word' id='word_1_246' title='bbox 867 3345 1034 3432; x_wconf 77' lang='lat' dir='ltr'><strong>dispositor</strong></span> 
     </span>
     <span class='ocr_line' id='line_1_37' title="bbox 113 3431 1031 3512; baseline 0.002 -14"><span class='ocrx_word' id='word_1_247' title='bbox 113 3433 199 3499; x_wconf 86' lang='lat' dir='ltr'><strong>Dcus</strong></span> <span class='ocrx_word' id='word_1_248' title='bbox 222 3453 400 3500; x_wconf 81' lang='lat' dir='ltr'><strong>mensuram</strong></span> <span class='ocrx_word' id='word_1_249' title='bbox 423 3433 541 3501; x_wconf 85' lang='lat' dir='ltr'><strong>virtutis</strong></span> <span class='ocrx_word' id='word_1_250' title='bbox 564 3434 731 3512; x_wconf 71' lang='lat' dir='ltr'><strong>humanam</strong></span> <span class='ocrx_word' id='word_1_251' title='bbox 755 3432 839 3500; x_wconf 83' lang='lat' dir='ltr'><strong>unde</strong></span> <span class='ocrx_word' id='word_1_252' title='bbox 875 3431 1031 3501; x_wconf 82' lang='lat' dir='ltr'><strong>interdura</strong></span> 
     </span>
     <span class='ocr_line' id='line_1_38' title="bbox 94 3519 1031 3610; baseline 0.002 -23"><span class='ocrx_word' id='word_1_253' title='bbox 94 3521 236 3592; x_wconf 81' lang='lat' dir='ltr'><strong>&#39;bomini</strong></span> <span class='ocrx_word' id='word_1_254' title='bbox 256 3523 397 3594; x_wconf 81' lang='lat' dir='ltr'><strong>virtuoso¹</strong></span> <span class='ocrx_word' id='word_1_255' title='bbox 413 3519 586 3610; x_wconf 72' lang='lat' dir='ltr'><strong>corporalia</strong></span> <span class='ocrx_word' id='word_1_256' title='bbox 608 3537 648 3590; x_wconf 86' lang='lat' dir='ltr'><strong>ot</strong></span> <span class='ocrx_word' id='word_1_257' title='bbox 661 3524 813 3601; x_wconf 78' lang='lat' dir='ltr'><strong>exteriora</strong></span> <span class='ocrx_word' id='word_1_258' title='bbox 836 3521 918 3590; x_wconf 76' lang='lat' dir='ltr'><strong>bona</strong></span> <span class='ocrx_word' id='word_1_259' title='bbox 939 3521 1031 3589; x_wconf 86' lang='lat' dir='ltr'><strong>mini·</strong></span> 
     </span>
    </p>

    <p class='ocr_par' dir='ltr' id='par_1_4' title="bbox 206 3611 943 3683">
     <span class='ocr_line' id='line_1_39' title="bbox 206 3611 943 3683; baseline 0.001 -5"><span class='ocrx_word' id='word_1_260' title='bbox 206 3611 237 3678; x_wconf 91' lang='lat' dir='ltr'><strong>S.</strong></span> <span class='ocrx_word' id='word_1_261' title='bbox 266 3611 319 3678; x_wconf 82' lang='lat' dir='ltr'><strong>Tb.</strong></span> <span class='ocrx_word' id='word_1_262' title='bbox 346 3611 490 3680; x_wconf 82' lang='lat' dir='ltr'><strong>Summae</strong></span> <span class='ocrx_word' id='word_1_263' title='bbox 505 3611 585 3680; x_wconf 80' lang='lat' dir='ltr'><strong>Phil.</strong></span> <span class='ocrx_word' id='word_1_264' title='bbox 610 3613 643 3683; x_wconf 85' lang='lat' dir='ltr'><strong>V.</strong></span> <span class='ocrx_word' id='word_1_265' title='bbox 667 3612 698 3680; x_wconf 67' lang='lat'><strong>9.</strong></span> <span class='ocrx_word' id='word_1_266' title='bbox 899 3611 943 3679; x_wconf 71' lang='lat'><strong>28</strong></span> 
     </span>
    </p>
   </div>
   <div class='ocr_carea' id='block_1_3' title="bbox 0 0 1262 3968">
    <p class='ocr_par' dir='ltr' id='par_1_5' title="bbox 0 0 1262 3968">
     <span class='ocr_line' id='line_1_40' title="bbox 0 0 1262 3968; baseline 0 0"><span class='ocrx_word' id='word_1_267' title='bbox 0 0 1262 3968; x_wconf 95' lang='lat' dir='ltr'><strong> </strong></span> 
     </span>
    </p>
   </div>
  </div>
 </body>
</html>
