2516 3968
399 252 455 296 um.
478 261 521 302 ιιι.
547 255 611 300 cxe.
636 255 744 301 cxxxv.
967 236 1028 302 tit

106 329 229 410 oportet
266 316 400 386 muitum
439 333 561 413 tempus
600 324 781 410 impendere
819 338 849 390 et
886 345 1044 412 magnam·

107 407 346 502 sollicitudinem
370 405 529 493 adbibere
553 415 584 480 in
608 435 670 501 quo
694 427 777 502 patet
793 414 907 481 solutio
923 435 1034 482 secun·

109 499 169 567 dae
191 497 327 564 rationis.

12 655 16 664 ,
174 584 440 654 Considerandum
474 603 519 657 cst
554 604 657 656 autem
693 589 775 678 quod
811 590 966 658 Dominus
1001 593 1032 658 in

108 675 275 761 Evangelio
292 697 354 742 non
378 675 518 744 laborem
536 681 703 766 prohibuit,
727 679 782 745 sed
795 679 1033 746 soiiicitudinem

108 767 221 832 mentis
245 785 301 852 pro
324 769 503 834 necessariis
525 770 615 845 vitae3
639 792 700 835 non
725 769 807 834 euim
831 769 916 834 dixit:
932 769 1036 837 Nolite

108 855 265 929 laborare,
288 854 352 920 sed:
387 855 490 923 Nolite
519 860 646 924 solliciti
669 880 744 935 ease
769 859 893 945 quoda
922 859 1034 927 minori

109 944 230 1033 probat.
254 943 285 1008 Si
310 943 393 1009 enim
418 963 455 1010 ex
479 947 580 1012 diviua
606 948 795 1034 providentia
824 962 1034 1014 sustentantur

110 1053 182 1099 ares
204 1045 235 1097 et
257 1031 332 1108 lilia,
353 1051 433 1119 quae
456 1036 610 1102 inferioris
633 1037 817 1102 conditionis
841 1051 912 1103 sunt
928 1051 1033 1103 etnon

108 1135 237 1209 possunt
259 1121 401 1188 laborare
424 1124 483 1191 iiiis
507 1127 653 1212 operibus
677 1127 788 1212 quibus
812 1126 956 1193 homines
973 1127 1031 1193 sibi

108 1211 317 1278 necessarium
342 1211 455 1278 vietum
479 1220 651 1300 acquirunt,
680 1215 778 1280 muita
812 1216 910 1294 magis
934 1217 1034 1303 provi·

108 1299 194 1366 debit
217 1299 407 1381 hominibus,
430 1304 482 1390 qui
507 1319 578 1370 sunt
612 1305 761 1390 dignioris
796 1304 980 1372 conditionis
1003 1317 1033 1372 et

107 1388 221 1476 quibus
245 1389 329 1454 dedit
352 1388 526 1457 facultatem
551 1413 606 1480 per
623 1393 900 1479 proprios'iabores
917 1394 1031 1460 victum

109 1477 291 1564 quaerendi,
314 1489 347 1543 ut
369 1479 413 1544 sic
443 1501 505 1547 nou
540 1495 680 1566 oporteat
703 1483 792 1547 anxio
826 1481 1033 1548 sollicitudine

110 1567 151 1632 de
173 1565 352 1632 necessariis
376 1568 455 1634 vitae
482 1569 585 1656 affligi.
610 1571 697 1636 Unde
732 1583 814 1658 patet
848 1570 943 1656 quod,
977 1592 1033 1659 per

110 1655 205 1722 verba
229 1655 354 1721 Domini
381 1652 461 1744 quiae
494 1659 728 1739 inducebantur,
752 1659 825 1725 huic
859 1659 954 1726 modo
990 1661 1033 1726 xi·

111 1745 209 1810 vendi.
227 1765 289 1810 non
313 1744 489 1832 derogatur.

177 1833 240 1900 Nec
262 1834 356 1900 etiam
381 1837 438 1901 iste
471 1837 583 1902 modus
607 1837 727 1902 vivendi
752 1847 851 1924 potest
873 1835 1034 1923 reprobari

109 1941 166 2010 per
188 1923 248 1988 boo
271 1923 354 2009 quod
379 1945 441 1990 non
465 1926 605 2004 sufficiat,
627 1927 697 2013 quia
719 1926 782 1992 ⁴hoo
803 1939 836 1991 ut
860 1925 890 1990 in
907 1927 1034 2012 paucio·

109 2012 197 2077 ribus
221 2012 329 2077 accidit
354 2015 437 2099 quod
462 2015 571 2101 aliquis
594 2037 656 2082 non
681 2016 775 2102 possit
791 2027 910 2080 tantum
927 2015 1034 2082 labore

107 2120 259 2166 manuum
277 2103 444 2187 acquirere
468 2105 550 2190 quod
585 2105 715 2170 sufficiat
730 2139 732 2180 :
749 2105 787 2169 ad
824 2105 1032 2169 necessarium

106 2190 232 2268 uictum,
256 2189 304 2254 vel
328 2203 453 2279 propter
476 2193 684 2258 infirmitatem
710 2193 758 2257 vei
776 2204 901 2278 propter
917 2193 1031 2278 aliquid

106 2275 297 2364 hujusmodi.
321 2279 389 2344 Non
412 2294 460 2346 est
483 2295 587 2346 autem
612 2295 737 2369 propter
753 2279 907 2345 deiectum
932 2282 1032 2366 quiin

106 2367 305 2456 paucioribus
328 2369 437 2434 accidit
461 2370 562 2455 aliqua
587 2371 740 2435 ordinatio
757 2367 1032 2455 repudianda3hoo

107 2457 192 2521 enim
216 2470 246 2522 et
269 2457 300 2521 in
322 2457 514 2524 naturalibus
537 2472 568 2523 et
589 2461 682 2523 etiam
710 2458 741 2522 in
776 2459 956 2524 voluntariis
980 2479 1031 2524 or-

106 2544 316 2611 dinationibus
340 2546 459 2626 accidit;
483 2567 540 2612 nec
563 2560 609 2612 est
633 2547 741 2632 aliquis
765 2547 877 2612 modus
908 2546 1031 2612 vivendi

106 2655 163 2721 per
184 2653 278 2720 quem
303 2635 344 2700 ita
367 2636 564 2722 provideatur
587 2636 704 2701 bomini
734 2637 807 2722 quin
843 2635 1031 2722 quandoque

106 2723 202 2809 possit
224 2721 369 2802 deficere3
394 2745 466 2790 narn
498 2738 528 2790 et
563 2724 686 2790 divitiae
720 2724 801 2789 furto
837 2737 890 2788 aut
923 2726 1031 2811 rapina

104 2825 237 2898 possunt
259 2812 383 2892 auferri,
406 2815 483 2880 siout
506 2819 548 2880 et
574 2816 625 2900 qui
665 2814 704 2878 de
738 2812 845 2878 labore
880 2811 1045 2878 m'anuum'

104 2901 179 2966 vivit
199 2913 300 2988 potest
324 2900 487 2968 debilitari.
513 2903 664 2968 Remanet
698 2918 802 2967 tamen
831 2900 956 2986 aliquod
982 2922 1031 2967 re·

103 2989 244 3055 medium
275 2993 355 3056 circa
379 2992 570 3078 praedictum
608 2991 735 3056 modurn
760 2989 893 3068 vivendi,
915 3004 949 3056 ut
971 2991 1032 3056 soi·

102 3077 176 3144 lieet
197 3079 224 3143 ei
260 3079 347 3166 eujus
382 3079 469 3146 iabor
502 3082 539 3146 ad
565 3083 722 3167 proprium
751 3081 863 3145 victum
888 3079 1031 3144 nonsuis

103 3168 171 3235 ficit
193 3167 404 3244 subveniatur,
429 3170 476 3235 rei
500 3189 555 3256 per
585 3171 661 3234 alios
699 3167 839 3253 ejusdem
878 3169 1032 3234 societatis

104 3257 157 3343 qui
180 3256 249 3344 pius
271 3257 414 3323 laborare
437 3271 565 3345 possunt
587 3276 680 3342 quam
700 3259 743 3321 eis
760 3257 968 3323 necessarium
982 3259 1035 3335 sit,

104 3345 154 3410 vei
177 3345 270 3412 otiam
295 3364 351 3434 per
372 3364 426 3412 eos
450 3347 501 3434 qui
526 3347 646 3412 divitias
669 3346 837 3432 possident,
857 3345 1030 3412 secundum

104 3434 207 3521 legem
238 3435 392 3520 charitatis
415 3449 445 3502 et
474 3436 625 3501 amicitiae
660 3435 817 3515 naturalis,
851 3455 911 3522 qua
948 3455 1029 3502 unus

104 3523 202 3592 homo
225 3525 312 3591 aiteri
336 3524 480 3593 subvenit
503 3524 661 3612 indigenti.
686 3523 774 3592 Unde
787 3536 827 3605 et,
856 3543 927 3591 cum
948 3525 1029 3613 Apo·
