2462 3968
221 228 285 292 uta
475 250 530 294 um.
556 227 596 293 rin
622 249 684 294 eun.
709 249 755 294 xc.
782 249 817 293 cr
841 249 897 295 xer.

215 317 322 400 posuit
345 316 400 382 tibi
421 337 536 404 aquom
558 319 707 404 etipncm;
721 318 1002 404 adquodoolueria
1015 320 1147 406 porrige

218 427 345 472 mortum
369 419 462 474 tuom.
485 410 564 473 Ante
586 408 740 474 borninem
761 411 827 473 vito
849 419 879 472 et
899 427 994 486 mora,
1030 408 1146 474 bonum

218 505 248 558 et
270 497 398 576 motura
421 499 503 581 quod
524 498 679 581 placuerit
699 499 728 562 ci
750 496 949 575 dubitarim,
973 497 1064 562 Eecli.
1092 497 1147 577 tt»,

219 584 330 664 t7-18;
354 587 590 654 ebdomadem
626 588 709 670 quod
746 586 837 651 bodie
866 588 1088 670 proposuerim
1110 587 1146 650 iu

215 685 377 758 conopectu
400 686 450 740 tao
472 677 569 740 uitam
591 687 621 741 et
643 677 764 752 bouum,
787 687 816 740 ct
839 695 855 739 e
889 695 1033 740 eooomso
1056 694 1144 739 mor-

217 775 277 827 tem
299 775 331 828 et
351 765 482 842 molum,
504 765 640 843 Denter„
665 766 718 844 50,
743 765 794 830 lli.
817 764 900 830 llaec
923 777 1027 829 autem
1044 765 1143 829 verba

215 851 253 916 ad
279 853 339 918 boo
361 853 549 918 inducuntur
573 866 605 918 ut
627 854 771 920 homines
801 873 871 919 erse
893 853 981 920 liberi
1020 853 1143 918 arbitrii

214 941 428 1020 ostendantur,
452 961 514 1007 nou
538 957 571 1008 ut
593 961 701 1008 eorum
726 931 892 1008 electiones
915 941 1050 1008 adirina
1064 962 1141 1028 pro·

214 1022 355 1096 videntia=
370 1031 599 1098 subtrabuntur.
624 1031 658 1096 Et
685 1031 824 1098 similiter
845 1029 929 1118 qood
965 1030 1141 1115 Gregorius

192 1137 363 1204 rnyssenus
386 1119 458 1185 dicit
481 1121 513 1184 in
535 1120 614 1189 libro
639 1140 732 1207 quom
757 1120 796 1185 de
820 1120 947 1186 bomine
977 1119 1049 1184 lecit
1072 1121 1139 1206 (ιιι

213 1207 414 1273 Providentia
437 1221 482 1274 cst
504 1229 611 1274 eorum
634 1229 712 1294 quoe
733 1229 796 1274 aaa
818 1220 890 1274 suut
904 1207 1050 1282 iambis,-
1073 1230 1139 1272 nort

211 1308 314 1362 autem
337 1317 544 1384 eorumquae
566 1310 638 1364 secut
657 1299 690 1362 iu
712 1298 811 1376 roobia,
830 1313 860 1362 et
883 1297 999 1386 (quod)
1022 1297 1139 1362 Dama-

211 1405 333 1465 scenus,
355 1406 428 1452 eum
450 1407 593 1474 sequeus,
617 1387 689 1454 dicit
711 1386 795 1474 quod
817 1407 856 1450 co
891 1405 970 1472 quoe
1006 1398 1080 1451 strat
1101 1393 1135 1451 iu

210 1474 298 1540 roobia
322 1475 405 1540 Deua
424 1479 612 1560 praenoscit,
635 1477 690 1541 ted
711 1495 773 1540 uort
792 1475 1057 1560 praedeterminot
1079 1478 1135 1563 (ἢ)

210 1563 391 1651 exponenda
414 1579 486 1630 sunt
524 1567 563 1630 ita
587 1579 619 1631 ut
642 1563 831 1649 intelligatur
869 1585 905 1630 ea
944 1584 1024 1651 quae
1056 1581 1134 1630 sunt

209 1653 241 1716 iu
265 1654 353 1719 nobis
376 1653 497 1719 divinae
520 1654 769 1720 determinationi
792 1673 855 1719 uon
889 1673 957 1720 esso
990 1652 1131 1738 subjecto

209 1743 295 1825 qnasi
319 1742 358 1807 ab
381 1763 418 1808 ea
441 1748 654 1810 necessitatem
671 1735 860 1830 accipientia.

528 1919 697 1988 CAPUT
731 1919 806 1986 XCl.

267 2097 425 2178 Quomodo
447 2118 497 2164 ree
519 2100 674 2166 humanae
696 2098 740 2163 art
761 2099 935 2184 superiores
957 2117 1073 2165 causae

560 2191 759 2254 reducuntur.

271 2363 313 2428 Ex
337 2365 385 2430 bis
407 2385 482 2450 ergo
506 2385 585 2453 quae
607 2386 700 2453 supra
724 2377 846 2432 ostensa
868 2361 957 2432 sunt'
977 2363 1127 2450 colligere

205 2471 368 2538 possumus
391 2457 548 2540 quomodo
571 2455 708 2520 bumana
744 2455 783 2520 ad
815 2456 990 2540 superiores
1030 2454 1126 2520 redu·

202 2553 314 2607 cuntur
337 2561 444 2610 causas
467 2557 497 2608 et
520 2565 583 2610 non
607 2557 741 2630 aguntur
771 2542 906 2610 lortutto.
944 2542 1022 2609 Nam
1061 2543 1126 2609 ele·
1228 2603 1229 2608 ,

202 2631 319 2698 stiones
343 2645 373 2697 et
395 2631 567 2698 voluntates
592 2633 772 2698 immediate
809 2633 917 2699 alteo
953 2633 1126 2720 disponun-

202 2732 262 2796 tur;
285 2721 420 2806 cognitio
444 2741 522 2788 vero
555 2723 701 2798 humana,
734 2721 773 2788 ad
810 2722 998 2788 intellectura
1030 2723 1126 2807 perti·

198 2829 286 2888 nens,
308 2829 325 2874 a
349 2809 428 2886 Deo,
451 2810 658 2878 mediantibus
694 2809 829 2898 Angelis,
874 2810 1047 2886 ordinatum
1087 2829 1126 2874 ea

200 2916 274 2963 vero
298 2919 379 2985 quae
402 2898 440 2964 ad
464 2899 636 2987 corporalia
659 2901 825 2986 pertinent,
858 2901 924 2968 sive
946 2901 1006 2965 sint
1046 2899 1129 2964 iute-
1227 2909 1228 2918 ’

199 2987 281 3052 riora
304 2988 369 3052 sive
392 2989 557 3068 exteriora,
580 2990 611 3054 tn
635 3009 725 3054 usum
749 2989 883 3054 bominis
917 2988 1081 3063 uenientia,
1106 3009 1125 3052 a

198 3074 277 3151 Deo,
301 3077 509 3146 mediantibus
532 3077 655 3164 Angelis
677 3091 708 3146 ct
731 3079 917 3144 caelestibus
938 3079 1131 3164 corporibus

197 3163 422 3252 dispensantur.
447 3166 543 3253 llujus
560 3182 664 3233 autem
686 3167 764 3233 ratio
787 3167 972 3253 generaliter
985 3185 1047 3232 uua
1063 3180 1123 3232 est.

247 3320 288 3389 (l)
305 3320 352 3376 llis
370 3323 458 3376 verbis
477 3322 503 3376 S.
522 3323 620 3376 Doctor
637 3324 748 3376 innuere
765 3323 871 3378 videtur
889 3323 987 3378 librum
1008 3323 1035 3378 S.
1054 3322 1120 3378 Gre-

195 3393 262 3460 gorii
281 3396 386 3462 nysseni
405 3397 447 3448 cui
466 3395 558 3448 titulus
576 3403 626 3450 cst:
647 3398 688 3448 lte
707 3395 817 3448 bominis
847 3393 970 3467 Opificio;
990 3395 1062 3450 loeus
1083 3402 1123 3448 ta·

195 3478 256 3516 men
274 3465 406 3534 reperitur
425 3467 451 3516 iu
470 3466 538 3518 libro
557 3467 588 3519 de
606 3466 782 3533 Prouidentia,
800 3482 822 3520 o.
841 3463 867 3520 8.

247 3532 286 3603 tl)
307 3536 346 3588 De
366 3533 473 3588 Ortltotl.
491 3535 560 3599 mu,
581 3537 596 3589 l.
615 3535 641 3604 2,
661 3553 683 3589 c.
703 3533 747 3590 50.
