<?xml version="1.0" encoding="UTF-8"?>
<!DOCTYPE html PUBLIC "-//W3C//DTD XHTML 1.0 Transitional//EN"
    "http://www.w3.org/TR/xhtml1/DTD/xhtml1-transitional.dtd">
<html xmlns="http://www.w3.org/1999/xhtml" xml:lang="en" lang="en">
 <head>
  <title>
</title>
<meta http-equiv="Content-Type" content="text/html;charset=utf-8" />
  <meta name='ocr-system' content='tesseract 3.04.00' />
  <meta name='ocr-capabilities' content='ocr_page ocr_carea ocr_par ocr_line ocrx_word'/>
</head>
<body>
  <div class='ocr_page' id='page_1' title='image "./sanctithomaeaqu00thomgoog_0172.png"; bbox 0 0 2452 3970; ppageno 0'>
   <div class='ocr_carea' id='block_1_1' title="bbox 90 3647 99 3680">
    <p class='ocr_par' dir='ltr' id='par_1_1' title="bbox 90 3647 99 3680">
     <span class='ocr_line' id='line_1_1' title="bbox 90 3647 99 3680; baseline 0 0"><span class='ocrx_word' id='word_1_1' title='bbox 90 3647 99 3680; x_wconf 71' lang='lat' dir='ltr'><strong>i</strong></span> 
     </span>
    </p>
   </div>
   <div class='ocr_carea' id='block_1_2' title="bbox 91 173 1032 885">
    <p class='ocr_par' dir='ltr' id='par_1_2' title="bbox 91 173 1032 885">
     <span class='ocr_line' id='line_1_2' title="bbox 414 173 1028 243; baseline -0.002 0"><span class='ocrx_word' id='word_1_2' title='bbox 414 173 470 243; x_wconf 78' lang='lat' dir='ltr'><strong>uio.</strong></span> <span class='ocrx_word' id='word_1_3' title='bbox 494 197 534 242; x_wconf 89' lang='lat' dir='ltr'><strong>m.</strong></span> <span class='ocrx_word' id='word_1_4' title='bbox 559 196 624 242; x_wconf 80' lang='lat' dir='ltr'><strong>cun.</strong></span> <span class='ocrx_word' id='word_1_5' title='bbox 648 192 704 236; x_wconf 80' lang='lat' dir='ltr'><strong>tur.</strong></span> <span class='ocrx_word' id='word_1_6' title='bbox 967 177 1028 242; x_wconf 81' lang='lat' dir='ltr'><strong>tot</strong></span> 
     </span>
     <span class='ocr_line' id='line_1_3' title="bbox 93 261 1030 348; baseline 0 -20"><span class='ocrx_word' id='word_1_7' title='bbox 93 265 129 332; x_wconf 84' lang='lat' dir='ltr'><strong>lis</strong></span> <span class='ocrx_word' id='word_1_8' title='bbox 151 263 349 342; x_wconf 78' lang='lat' dir='ltr'><strong>substantioe</strong></span> <span class='ocrx_word' id='word_1_9' title='bbox 382 278 416 335; x_wconf 91' lang='lat' dir='ltr'><strong>ut</strong></span> <span class='ocrx_word' id='word_1_10' title='bbox 453 265 591 334; x_wconf 89' lang='lat' dir='ltr'><strong>omnium</strong></span> <span class='ocrx_word' id='word_1_11' title='bbox 629 261 804 348; x_wconf 79' lang='lat' dir='ltr'><strong>specierum</strong></span> <span class='ocrx_word' id='word_1_12' title='bbox 836 275 961 334; x_wconf 79' lang='lat' dir='ltr'><strong>neturus</strong></span> <span class='ocrx_word' id='word_1_13' title='bbox 1000 280 1030 345; x_wconf 78' lang='lat' dir='ltr'><strong>ct</strong></span> 
     </span>
     <span class='ocr_line' id='line_1_4' title="bbox 93 354 1030 440; baseline 0.001 -21"><span class='ocrx_word' id='word_1_14' title='bbox 93 355 223 428; x_wconf 79' lang='lat' dir='ltr'><strong>virtutos</strong></span> <span class='ocrx_word' id='word_1_15' title='bbox 249 366 281 418; x_wconf 87' lang='lat' dir='ltr'><strong>et</strong></span> <span class='ocrx_word' id='word_1_16' title='bbox 305 354 427 440; x_wconf 74' lang='lat' dir='ltr'><strong>propriu</strong></span> <span class='ocrx_word' id='word_1_17' title='bbox 452 355 619 422; x_wconf 80' lang='lat' dir='ltr'><strong>occidentia</strong></span> <span class='ocrx_word' id='word_1_18' title='bbox 643 365 817 436; x_wconf 60' lang='lat' dir='ltr'><strong>cognoscum</strong></span> <span class='ocrx_word' id='word_1_19' title='bbox 857 354 916 419; x_wconf 88' lang='lat' dir='ltr'><strong>itoc</strong></span> <span class='ocrx_word' id='word_1_20' title='bbox 939 355 1030 440; x_wconf 80' lang='lat' dir='ltr'><strong>igitur</strong></span> 
     </span>
     <span class='ocr_line' id='line_1_5' title="bbox 94 441 1030 529; baseline 0.004 -23"><span class='ocrx_word' id='word_1_21' title='bbox 94 448 122 508; x_wconf 90' lang='lat' dir='ltr'><strong>iu</strong></span> <span class='ocrx_word' id='word_1_22' title='bbox 147 443 238 519; x_wconf 68' lang='lat' dir='ltr'><strong>[iunii</strong></span> <span class='ocrx_word' id='word_1_23' title='bbox 265 441 455 511; x_wconf 81' lang='lat' dir='ltr'><strong>beatitudine</strong></span> <span class='ocrx_word' id='word_1_24' title='bbox 479 443 678 529; x_wconf 76' lang='lat' dir='ltr'><strong>consequitur</strong></span> <span class='ocrx_word' id='word_1_25' title='bbox 707 459 762 525; x_wconf 74' lang='lat' dir='ltr'><strong>per</strong></span> <span class='ocrx_word' id='word_1_26' title='bbox 800 441 902 520; x_wconf 86' lang='lat' dir='ltr'><strong>diviua</strong></span> <span class='ocrx_word' id='word_1_27' title='bbox 926 462 1030 519; x_wconf 81' lang='lat' dir='ltr'><strong>esson-</strong></span> 
     </span>
     <span class='ocr_line' id='line_1_6' title="bbox 94 531 1029 617; baseline 0.002 -21"><span class='ocrx_word' id='word_1_28' title='bbox 94 533 153 600; x_wconf 85' lang='lat' dir='ltr'><strong>tiuc</strong></span> <span class='ocrx_word' id='word_1_29' title='bbox 178 531 347 600; x_wconf 84' lang='lat' dir='ltr'><strong>visionem.</strong></span> <span class='ocrx_word' id='word_1_30' title='bbox 371 531 431 604; x_wconf 83' lang='lat' dir='ltr'><strong>Per</strong></span> <span class='ocrx_word' id='word_1_31' title='bbox 464 532 671 617; x_wconf 69' lang='lat' dir='ltr'><strong>cognitionum</strong></span> <span class='ocrx_word' id='word_1_32' title='bbox 707 542 810 595; x_wconf 86' lang='lat' dir='ltr'><strong>eutem</strong></span> <span class='ocrx_word' id='word_1_33' title='bbox 845 533 1029 610; x_wconf 70' lang='lat' dir='ltr'><strong>naturalium</strong></span> 
     </span>
     <span class='ocr_line' id='line_1_7' title="bbox 92 617 1030 708; baseline 0 -22"><span class='ocrx_word' id='word_1_34' title='bbox 92 621 289 708; x_wconf 83' lang='lat' dir='ltr'><strong>specierum,</strong></span> <span class='ocrx_word' id='word_1_35' title='bbox 310 635 341 686; x_wconf 89' lang='lat' dir='ltr'><strong>et</strong></span> <span class='ocrx_word' id='word_1_36' title='bbox 363 620 521 688; x_wconf 83' lang='lat' dir='ltr'><strong>individuo</strong></span> <span class='ocrx_word' id='word_1_37' title='bbox 560 621 617 690; x_wconf 90' lang='lat' dir='ltr'><strong>sub</strong></span> <span class='ocrx_word' id='word_1_38' title='bbox 655 617 815 704; x_wconf 62' lang='lat' dir='ltr'><strong>speciebus</strong></span> <span class='ocrx_word' id='word_1_39' title='bbox 854 619 1030 706; x_wconf 78' lang='lat' dir='ltr'><strong>hujusmodi</strong></span> 
     </span>
     <span class='ocr_line' id='line_1_8' title="bbox 92 707 1031 799; baseline 0.002 -25"><span class='ocrx_word' id='word_1_40' title='bbox 92 709 264 787; x_wconf 72' lang='lat' dir='ltr'><strong>existentis</strong></span> <span class='ocrx_word' id='word_1_41' title='bbox 284 724 513 799; x_wconf 67' lang='lat' dir='ltr'><strong>cognoscuntur</strong></span> <span class='ocrx_word' id='word_1_42' title='bbox 535 709 574 776; x_wconf 84' lang='lat' dir='ltr'><strong>ab</strong></span> <span class='ocrx_word' id='word_1_43' title='bbox 598 707 752 776; x_wconf 86' lang='lat' dir='ltr'><strong>intellectu</strong></span> <span class='ocrx_word' id='word_1_44' title='bbox 777 707 877 772; x_wconf 87' lang='lat' dir='ltr'><strong>Deum</strong></span> <span class='ocrx_word' id='word_1_45' title='bbox 909 709 1031 777; x_wconf 83' lang='lat' dir='ltr'><strong>vidente</strong></span> 
     </span>
     <span class='ocr_line' id='line_1_9' title="bbox 91 795 1032 885; baseline 0 -21"><span class='ocrx_word' id='word_1_46' title='bbox 91 811 125 864; x_wconf 91' lang='lat' dir='ltr'><strong>ut</strong></span> <span class='ocrx_word' id='word_1_47' title='bbox 148 819 190 872; x_wconf 72' lang='lat' dir='ltr'><strong>ex,</strong></span> <span class='ocrx_word' id='word_1_48' title='bbox 215 799 267 866; x_wconf 83' lang='lat' dir='ltr'><strong>his</strong></span> <span class='ocrx_word' id='word_1_49' title='bbox 290 820 369 884; x_wconf 85' lang='lat' dir='ltr'><strong>quoe</strong></span> <span class='ocrx_word' id='word_1_50' title='bbox 392 799 559 870; x_wconf 80' lang='lat' dir='ltr'><strong>dictasunt</strong></span> <span class='ocrx_word' id='word_1_51' title='bbox 579 797 724 885; x_wconf 83' lang='lat' dir='ltr'><strong>supro(c.</strong></span> <span class='ocrx_word' id='word_1_52' title='bbox 743 795 896 882; x_wconf 71' lang='lat' dir='ltr'><strong>euerso)</strong></span> <span class='ocrx_word' id='word_1_53' title='bbox 921 797 958 868; x_wconf 88' lang='lat' dir='ltr'><strong>dc</strong></span> <span class='ocrx_word' id='word_1_54' title='bbox 982 820 1032 864; x_wconf 87' lang='lat' dir='ltr'><strong>oo·</strong></span> 
     </span>
    </p>
   </div>
   <div class='ocr_carea' id='block_1_3' title="bbox 92 884 1156 974">
    <p class='ocr_par' dir='ltr' id='par_1_3' title="bbox 92 884 1156 974">
     <span class='ocr_line' id='line_1_10' title="bbox 92 884 1156 974; baseline -0.005 -21"><span class='ocrx_word' id='word_1_55' title='bbox 92 888 238 972; x_wconf 74' lang='lat' dir='ltr'><strong>gnitioue</strong></span> <span class='ocrx_word' id='word_1_56' title='bbox 263 889 322 964; x_wconf 81' lang='lat' dir='ltr'><strong>Dei</strong></span> <span class='ocrx_word' id='word_1_57' title='bbox 344 901 376 964; x_wconf 85' lang='lat' dir='ltr'><strong>et</strong></span> <span class='ocrx_word' id='word_1_58' title='bbox 397 887 585 973; x_wconf 71' lang='lat' dir='ltr'><strong>Angelorum</strong></span> <span class='ocrx_word' id='word_1_59' title='bbox 610 901 797 974; x_wconf 80' lang='lat' dir='ltr'><strong>potestesse</strong></span> <span class='ocrx_word' id='word_1_60' title='bbox 823 884 1031 962; x_wconf 78' lang='lat' dir='ltr'><strong>manifestum.</strong></span> <span class='ocrx_word' id='word_1_61' title='bbox 1146 941 1156 948; x_wconf 83' lang='lat'><em>.</em></span> 
     </span>
    </p>
   </div>
   <div class='ocr_carea' id='block_1_4' title="bbox 93 975 1113 3370">
    <p class='ocr_par' dir='ltr' id='par_1_4' title="bbox 93 975 1113 3370">
     <span class='ocr_line' id='line_1_11' title="bbox 161 975 1031 1062; baseline 0.002 -20"><span class='ocrx_word' id='word_1_62' title='bbox 161 976 195 1042; x_wconf 93' lang='lat' dir='ltr'><strong>Si</strong></span> <span class='ocrx_word' id='word_1_63' title='bbox 222 997 299 1053; x_wconf 82' lang='lat' dir='ltr'><strong>vero</strong></span> <span class='ocrx_word' id='word_1_64' title='bbox 331 996 386 1062; x_wconf 80' lang='lat' dir='ltr'><strong>per</strong></span> <span class='ocrx_word' id='word_1_65' title='bbox 421 978 526 1042; x_wconf 81' lang='lat' dir='ltr'><strong>omnio</strong></span> <span class='ocrx_word' id='word_1_66' title='bbox 564 977 772 1060; x_wconf 77' lang='lat' dir='ltr'><strong>intelliguntur</strong></span> <span class='ocrx_word' id='word_1_67' title='bbox 810 975 915 1040; x_wconf 83' lang='lat' dir='ltr'><strong>otnnia</strong></span> <span class='ocrx_word' id='word_1_68' title='bbox 952 997 1031 1062; x_wconf 81' lang='lat' dir='ltr'><strong>quae</strong></span> 
     </span>
     <span class='ocr_line' id='line_1_12' title="bbox 93 1063 1031 1148; baseline 0.003 -19"><span class='ocrx_word' id='word_1_69' title='bbox 93 1063 193 1143; x_wconf 85' lang='lat' dir='ltr'><strong>Deus,</strong></span> <span class='ocrx_word' id='word_1_70' title='bbox 218 1085 312 1140; x_wconf 81' lang='lat' dir='ltr'><strong>suam</strong></span> <span class='ocrx_word' id='word_1_71' title='bbox 349 1068 512 1132; x_wconf 86' lang='lat' dir='ltr'><strong>essentium</strong></span> <span class='ocrx_word' id='word_1_72' title='bbox 548 1066 691 1142; x_wconf 85' lang='lat' dir='ltr'><strong>videndo,</strong></span> <span class='ocrx_word' id='word_1_73' title='bbox 725 1065 892 1148; x_wconf 75' lang='lat' dir='ltr'><strong>cognoscit,</strong></span> <span class='ocrx_word' id='word_1_74' title='bbox 928 1065 1031 1132; x_wconf 82' lang='lat' dir='ltr'><strong>nulius</strong></span> 
     </span>
     <span class='ocr_line' id='line_1_13' title="bbox 93 1153 1031 1232; baseline 0 -14"><span class='ocrx_word' id='word_1_75' title='bbox 93 1154 277 1220; x_wconf 86' lang='lat' dir='ltr'><strong>intellectus</strong></span> <span class='ocrx_word' id='word_1_76' title='bbox 300 1166 419 1220; x_wconf 84' lang='lat' dir='ltr'><strong>creatus</strong></span> <span class='ocrx_word' id='word_1_77' title='bbox 443 1155 546 1220; x_wconf 85' lang='lat' dir='ltr'><strong>onmia</strong></span> <span class='ocrx_word' id='word_1_78' title='bbox 570 1157 599 1219; x_wconf 95' lang='lat' dir='ltr'><strong>in</strong></span> <span class='ocrx_word' id='word_1_79' title='bbox 639 1154 696 1218; x_wconf 90' lang='lat' dir='ltr'><strong>Dei</strong></span> <span class='ocrx_word' id='word_1_80' title='bbox 732 1153 899 1218; x_wconf 81' lang='lat' dir='ltr'><strong>substantio</strong></span> <span class='ocrx_word' id='word_1_81' title='bbox 939 1154 1031 1232; x_wconf 80' lang='lat' dir='ltr'><strong>uidet,</strong></span> 
     </span>
     <span class='ocr_line' id='line_1_14' title="bbox 94 1241 1032 1330; baseline 0.002 -24"><span class='ocrx_word' id='word_1_82' title='bbox 94 1256 129 1306; x_wconf 89' lang='lat' dir='ltr'><strong>nt</strong></span> <span class='ocrx_word' id='word_1_83' title='bbox 152 1245 302 1330; x_wconf 88' lang='lat' dir='ltr'><strong>superius</strong></span> <span class='ocrx_word' id='word_1_84' title='bbox 325 1257 482 1308; x_wconf 86' lang='lat' dir='ltr'><strong>ostensum</strong></span> <span class='ocrx_word' id='word_1_85' title='bbox 512 1241 577 1310; x_wconf 88' lang='grc' dir='ltr'><strong>εει.Ι</strong></span> <span class='ocrx_word' id='word_1_86' title='bbox 601 1243 666 1319; x_wconf 80' lang='lat' dir='ltr'><strong>iioc</strong></span> <span class='ocrx_word' id='word_1_87' title='bbox 703 1256 806 1307; x_wconf 86' lang='lat' dir='ltr'><strong>autem</strong></span> <span class='ocrx_word' id='word_1_88' title='bbox 844 1243 1032 1328; x_wconf 81' lang='lat' dir='ltr'><strong>considerari</strong></span> 
     </span>
     <span class='ocr_line' id='line_1_15' title="bbox 96 1330 1032 1419; baseline 0 -23"><span class='ocrx_word' id='word_1_89' title='bbox 96 1344 200 1416; x_wconf 86' lang='lat' dir='ltr'><strong>potest</strong></span> <span class='ocrx_word' id='word_1_90' title='bbox 225 1344 376 1419; x_wconf 81' lang='lat' dir='ltr'><strong>quantum</strong></span> <span class='ocrx_word' id='word_1_91' title='bbox 402 1331 439 1396; x_wconf 87' lang='lat' dir='ltr'><strong>nd</strong></span> <span class='ocrx_word' id='word_1_92' title='bbox 465 1331 562 1418; x_wconf 86' lang='lat' dir='ltr'><strong>pluro:</strong></span> <span class='ocrx_word' id='word_1_93' title='bbox 578 1331 740 1396; x_wconf 88' lang='lat' dir='ltr'><strong>-Primo</strong></span> <span class='ocrx_word' id='word_1_94' title='bbox 763 1330 900 1418; x_wconf 88' lang='lat' dir='ltr'><strong>quidem,</strong></span> <span class='ocrx_word' id='word_1_95' title='bbox 937 1353 1032 1418; x_wconf 82' lang='lat' dir='ltr'><strong>quau·</strong></span> 
     </span>
     <span class='ocr_line' id='line_1_16' title="bbox 96 1419 1033 1507; baseline 0.002 -24"><span class='ocrx_word' id='word_1_96' title='bbox 96 1433 164 1494; x_wconf 87' lang='lat' dir='ltr'><strong>tum</strong></span> <span class='ocrx_word' id='word_1_97' title='bbox 188 1420 230 1493; x_wconf 86' lang='lat' dir='ltr'><strong>ad</strong></span> <span class='ocrx_word' id='word_1_98' title='bbox 256 1441 292 1486; x_wconf 87' lang='lat' dir='ltr'><strong>eu</strong></span> <span class='ocrx_word' id='word_1_99' title='bbox 316 1441 395 1505; x_wconf 79' lang='lat' dir='ltr'><strong>quoe</strong></span> <span class='ocrx_word' id='word_1_100' title='bbox 419 1421 501 1486; x_wconf 89' lang='lat' dir='ltr'><strong>Deus</strong></span> <span class='ocrx_word' id='word_1_101' title='bbox 524 1419 624 1486; x_wconf 81' lang='lat' dir='ltr'><strong>iacere</strong></span> <span class='ocrx_word' id='word_1_102' title='bbox 647 1433 755 1507; x_wconf 85' lang='lat' dir='ltr'><strong>potest,</strong></span> <span class='ocrx_word' id='word_1_103' title='bbox 782 1419 837 1492; x_wconf 86' lang='lat' dir='ltr'><strong>sed</strong></span> <span class='ocrx_word' id='word_1_104' title='bbox 871 1440 929 1486; x_wconf 89' lang='lat' dir='ltr'><strong>uec</strong></span> <span class='ocrx_word' id='word_1_105' title='bbox 962 1419 1033 1486; x_wconf 81' lang='lat' dir='ltr'><strong>iacit</strong></span> 
     </span>
     <span class='ocr_line' id='line_1_17' title="bbox 97 1508 1031 1596; baseline 0.001 -23"><span class='ocrx_word' id='word_1_106' title='bbox 97 1508 313 1574; x_wconf 84' lang='lat' dir='ltr'><strong>necieoturus</strong></span> <span class='ocrx_word' id='word_1_107' title='bbox 336 1523 381 1574; x_wconf 96' lang='grc' dir='ltr'><strong>εει</strong></span> <span class='ocrx_word' id='word_1_108' title='bbox 405 1530 554 1596; x_wconf 83' lang='lat' dir='ltr'><strong>unquam;</strong></span> <span class='ocrx_word' id='word_1_109' title='bbox 590 1511 694 1574; x_wconf 84' lang='lat' dir='ltr'><strong>omnia</strong></span> <span class='ocrx_word' id='word_1_110' title='bbox 733 1509 814 1572; x_wconf 86' lang='lat' dir='ltr'><strong>enim</strong></span> <span class='ocrx_word' id='word_1_111' title='bbox 854 1508 1031 1594; x_wconf 87' lang='lat' dir='ltr'><strong>hujusmodi</strong></span> 
     </span>
     <span class='ocr_line' id='line_1_18' title="bbox 97 1597 1031 1684; baseline -0.001 -22"><span class='ocrx_word' id='word_1_112' title='bbox 97 1600 247 1682; x_wconf 81' lang='lat' dir='ltr'><strong>cognosci</strong></span> <span class='ocrx_word' id='word_1_113' title='bbox 272 1619 334 1674; x_wconf 89' lang='lat' dir='ltr'><strong>non</strong></span> <span class='ocrx_word' id='word_1_114' title='bbox 358 1613 485 1684; x_wconf 80' lang='lat' dir='ltr'><strong>possunt</strong></span> <span class='ocrx_word' id='word_1_115' title='bbox 508 1599 564 1664; x_wconf 88' lang='lat' dir='ltr'><strong>nisi</strong></span> <span class='ocrx_word' id='word_1_116' title='bbox 589 1597 655 1682; x_wconf 85' lang='lat' dir='ltr'><strong>ejus</strong></span> <span class='ocrx_word' id='word_1_117' title='bbox 678 1599 772 1667; x_wconf 86' lang='lat' dir='ltr'><strong>uirtus</strong></span> <span class='ocrx_word' id='word_1_118' title='bbox 787 1599 1031 1684; x_wconf 81' lang='lat' dir='ltr'><strong>comprehende-</strong></span> 
     </span>
     <span class='ocr_line' id='line_1_19' title="bbox 99 1686 1031 1774; baseline 0.002 -24"><span class='ocrx_word' id='word_1_119' title='bbox 99 1700 197 1764; x_wconf 80' lang='lat' dir='ltr'><strong>retur;</strong></span> <span class='ocrx_word' id='word_1_120' title='bbox 221 1688 308 1773; x_wconf 87' lang='lat' dir='ltr'><strong>quod</strong></span> <span class='ocrx_word' id='word_1_121' title='bbox 332 1707 393 1755; x_wconf 90' lang='lat' dir='ltr'><strong>uon</strong></span> <span class='ocrx_word' id='word_1_122' title='bbox 416 1701 461 1752; x_wconf 88' lang='lat' dir='ltr'><strong>cst</strong></span> <span class='ocrx_word' id='word_1_123' title='bbox 484 1687 628 1774; x_wconf 83' lang='lat' dir='ltr'><strong>possibile</strong></span> <span class='ocrx_word' id='word_1_124' title='bbox 651 1687 740 1752; x_wconf 85' lang='lat' dir='ltr'><strong>niicui</strong></span> <span class='ocrx_word' id='word_1_125' title='bbox 758 1686 923 1755; x_wconf 72' lang='lat' dir='ltr'><strong>intedectui</strong></span> <span class='ocrx_word' id='word_1_126' title='bbox 947 1709 1031 1760; x_wconf 85' lang='lat' dir='ltr'><strong>oreo-</strong></span> 
     </span>
     <span class='ocr_line' id='line_1_20' title="bbox 100 1775 1030 1864; baseline 0.004 -26"><span class='ocrx_word' id='word_1_127' title='bbox 100 1789 142 1852; x_wconf 86' lang='grc' dir='ltr'><strong>ιο,</strong></span> <span class='ocrx_word' id='word_1_128' title='bbox 166 1790 200 1850; x_wconf 85' lang='lat' dir='ltr'><strong>ut</strong></span> <span class='ocrx_word' id='word_1_129' title='bbox 225 1797 319 1860; x_wconf 81' lang='lat' dir='ltr'><strong>supro</strong></span> <span class='ocrx_word' id='word_1_130' title='bbox 344 1776 384 1862; x_wconf 86' lang='lat' dir='ltr'><strong>(o.</strong></span> <span class='ocrx_word' id='word_1_131' title='bbox 410 1776 654 1860; x_wconf 70' lang='lat' dir='ltr'><strong>ostunensem</strong></span> <span class='ocrx_word' id='word_1_132' title='bbox 679 1775 835 1846; x_wconf 77' lang='lat' dir='ltr'><strong>estune</strong></span> <span class='ocrx_word' id='word_1_133' title='bbox 866 1789 911 1842; x_wconf 88' lang='grc' dir='ltr'><strong>εει</strong></span> <span class='ocrx_word' id='word_1_134' title='bbox 948 1778 1030 1864; x_wconf 84' lang='lat' dir='ltr'><strong>quod</strong></span> 
     </span>
     <span class='ocr_line' id='line_1_21' title="bbox 101 1861 1034 1950; baseline -0.002 -19"><span class='ocrx_word' id='word_1_135' title='bbox 101 1861 222 1936; x_wconf 84' lang='lat' dir='ltr'><strong>dicitur:</strong></span> <span class='ocrx_word' id='word_1_136' title='bbox 258 1865 415 1938; x_wconf 81' lang='lat' dir='ltr'><strong>Forsitom</strong></span> <span class='ocrx_word' id='word_1_137' title='bbox 448 1866 577 1950; x_wconf 73' lang='lat' dir='ltr'><strong>ucetiyio</strong></span> <span class='ocrx_word' id='word_1_138' title='bbox 593 1866 663 1942; x_wconf 76' lang='lat' dir='ltr'><strong>-Dci</strong></span> <span class='ocrx_word' id='word_1_139' title='bbox 698 1865 966 1948; x_wconf 76' lang='lat' dir='ltr'><strong>comprohendens,</strong></span> <span class='ocrx_word' id='word_1_140' title='bbox 1004 1877 1034 1930; x_wconf 84' lang='lat' dir='ltr'><strong>ct</strong></span> 
     </span>
     <span class='ocr_line' id='line_1_22' title="bbox 101 1953 1033 2042; baseline 0.006 -28"><span class='ocrx_word' id='word_1_141' title='bbox 101 1971 195 2036; x_wconf 78' lang='lat' dir='ltr'><strong>usque</strong></span> <span class='ocrx_word' id='word_1_142' title='bbox 234 1953 280 2020; x_wconf 84' lang='lat' dir='ltr'><strong>ud</strong></span> <span class='ocrx_word' id='word_1_143' title='bbox 297 1955 471 2038; x_wconf 74' lang='lat' dir='ltr'><strong>perfectum</strong></span> <span class='ocrx_word' id='word_1_144' title='bbox 508 1955 753 2038; x_wconf 73' lang='lat' dir='ltr'><strong>omnipotentem</strong></span> <span class='ocrx_word' id='word_1_145' title='bbox 786 1955 940 2042; x_wconf 68' lang='lat' dir='ltr'><strong>reperies?</strong></span> <span class='ocrx_word' id='word_1_146' title='bbox 974 1954 1033 2020; x_wconf 80' lang='lat' dir='ltr'><strong>Er-</strong></span> 
     </span>
     <span class='ocr_line' id='line_1_23' title="bbox 101 2041 1035 2128; baseline 0.004 -25"><span class='ocrx_word' id='word_1_147' title='bbox 101 2041 213 2107; x_wconf 84' lang='lat' dir='ltr'><strong>ccicior</strong></span> <span class='ocrx_word' id='word_1_148' title='bbox 239 2044 327 2116; x_wconf 81' lang='lat' dir='ltr'><strong>coeio</strong></span> <span class='ocrx_word' id='word_1_149' title='bbox 348 2055 403 2121; x_wconf 80' lang='lat' dir='ltr'><strong>ert,</strong></span> <span class='ocrx_word' id='word_1_150' title='bbox 426 2055 455 2107; x_wconf 86' lang='lat' dir='ltr'><strong>et</strong></span> <span class='ocrx_word' id='word_1_151' title='bbox 472 2044 547 2127; x_wconf 78' lang='lat' dir='ltr'><strong>qrtid</strong></span> <span class='ocrx_word' id='word_1_152' title='bbox 567 2044 681 2128; x_wconf 67' lang='lat' dir='ltr'><strong>socies?</strong></span> <span class='ocrx_word' id='word_1_153' title='bbox 707 2042 893 2126; x_wconf 77' lang='lat' dir='ltr'><strong>Profundior</strong></span> <span class='ocrx_word' id='word_1_154' title='bbox 908 2043 1035 2127; x_wconf 75' lang='lat' dir='ltr'><strong>‚inferno</strong></span> 
     </span>
     <span class='ocr_line' id='line_1_24' title="bbox 102 2132 1037 2217; baseline 0.004 -25"><span class='ocrx_word' id='word_1_155' title='bbox 102 2139 131 2192; x_wconf 86' lang='lat' dir='ltr'><strong>et</strong></span> <span class='ocrx_word' id='word_1_156' title='bbox 153 2133 238 2198; x_wconf 82' lang='lat' dir='ltr'><strong>undo</strong></span> <span class='ocrx_word' id='word_1_157' title='bbox 263 2133 442 2217; x_wconf 65' lang='lat' dir='ltr'><strong>coonoccer?</strong></span> <span class='ocrx_word' id='word_1_158' title='bbox 463 2132 595 2217; x_wconf 67' lang='lat' dir='ltr'><strong>Longior·</strong></span> <span class='ocrx_word' id='word_1_159' title='bbox 632 2145 715 2202; x_wconf 84' lang='lat' dir='ltr'><strong>terro</strong></span> <span class='ocrx_word' id='word_1_160' title='bbox 738 2151 882 2206; x_wconf 74' lang='lat' dir='ltr'><strong>morosum</strong></span> <span class='ocrx_word' id='word_1_161' title='bbox 915 2133 978 2216; x_wconf 72' lang='lat' dir='ltr'><strong>ojus</strong></span> <span class='ocrx_word' id='word_1_162' title='bbox 1008 2145 1037 2196; x_wconf 86' lang='lat' dir='ltr'><strong>ct</strong></span> 
     </span>
     <span class='ocr_line' id='line_1_25' title="bbox 105 2217 1036 2299; baseline 0.01 -21"><span class='ocrx_word' id='word_1_163' title='bbox 105 2217 198 2284; x_wconf 78' lang='lat' dir='ltr'><strong>tutior</strong></span> <span class='ocrx_word' id='word_1_164' title='bbox 211 2220 374 2298; x_wconf 63' lang='lat' dir='ltr'><strong>martion</strong></span> <span class='ocrx_word' id='word_1_165' title='bbox 391 2221 440 2299; x_wconf 89' lang='lat' dir='ltr'><strong>ii,</strong></span> <span class='ocrx_word' id='word_1_166' title='bbox 452 2222 483 2295; x_wconf 91' lang='grc'><strong>7,</strong></span> <span class='ocrx_word' id='word_1_167' title='bbox 501 2221 521 2286; x_wconf 89' lang='grc'>8</span> <span class='ocrx_word' id='word_1_168' title='bbox 543 2235 573 2286; x_wconf 92' lang='grc' dir='ltr'><strong>ει</strong></span> <span class='ocrx_word' id='word_1_169' title='bbox 585 2221 615 2286; x_wconf 86' lang='grc'><strong>9.</strong></span> <span class='ocrx_word' id='word_1_170' title='bbox 649 2221 716 2286; x_wconf 91' lang='lat' dir='ltr'><strong>Non</strong></span> <span class='ocrx_word' id='word_1_171' title='bbox 745 2221 826 2284; x_wconf 89' lang='lat' dir='ltr'><strong>enim</strong></span> <span class='ocrx_word' id='word_1_172' title='bbox 841 2221 917 2296; x_wconf 81' lang='lat' dir='ltr'><strong>hoec</strong></span> <span class='ocrx_word' id='word_1_173' title='bbox 929 2221 1036 2287; x_wconf 88' lang='lat' dir='ltr'><strong>dicuu-</strong></span> 
     </span>
     <span class='ocr_line' id='line_1_26' title="bbox 105 2309 1036 2395; baseline 0.006 -27"><span class='ocrx_word' id='word_1_174' title='bbox 105 2319 154 2377; x_wconf 90' lang='lat' dir='ltr'><strong>tur</strong></span> <span class='ocrx_word' id='word_1_175' title='bbox 176 2311 266 2394; x_wconf 84' lang='lat' dir='ltr'><strong>quusi</strong></span> <span class='ocrx_word' id='word_1_176' title='bbox 292 2309 538 2388; x_wconf 81' lang='lat' dir='ltr'><strong>dimensionibus</strong></span> <span class='ocrx_word' id='word_1_177' title='bbox 561 2311 736 2395; x_wconf 79' lang='lat' dir='ltr'><strong>quantitatis</strong></span> <span class='ocrx_word' id='word_1_178' title='bbox 758 2309 840 2378; x_wconf 78' lang='lat' dir='ltr'><strong>Deus</strong></span> <span class='ocrx_word' id='word_1_179' title='bbox 856 2309 893 2374; x_wconf 87' lang='lat' dir='ltr'><strong>sit</strong></span> <span class='ocrx_word' id='word_1_180' title='bbox 907 2330 1036 2395; x_wconf 79' lang='lat' dir='ltr'><strong>mugnus</strong></span> 
     </span>
     <span class='ocr_line' id='line_1_27' title="bbox 105 2395 1036 2486; baseline 0.006 -28"><span class='ocrx_word' id='word_1_181' title='bbox 105 2395 160 2472; x_wconf 87' lang='lat' dir='ltr'><strong>sed</strong></span> <span class='ocrx_word' id='word_1_182' title='bbox 184 2399 258 2484; x_wconf 84' lang='lat' dir='ltr'><strong>quio</strong></span> <span class='ocrx_word' id='word_1_183' title='bbox 273 2399 340 2484; x_wconf 82' lang='lat' dir='ltr'><strong>ejus</strong></span> <span class='ocrx_word' id='word_1_184' title='bbox 363 2399 457 2474; x_wconf 84' lang='lat' dir='ltr'><strong>virtus</strong></span> <span class='ocrx_word' id='word_1_185' title='bbox 476 2419 542 2464; x_wconf 87' lang='lat' dir='ltr'><strong>non</strong></span> <span class='ocrx_word' id='word_1_186' title='bbox 567 2399 713 2476; x_wconf 84' lang='lat' dir='ltr'><strong>limitatur</strong></span> <span class='ocrx_word' id='word_1_187' title='bbox 749 2398 789 2463; x_wconf 86' lang='lat' dir='ltr'><strong>nd</strong></span> <span class='ocrx_word' id='word_1_188' title='bbox 816 2399 919 2464; x_wconf 84' lang='lat' dir='ltr'><strong>omnia</strong></span> <span class='ocrx_word' id='word_1_189' title='bbox 957 2420 1036 2486; x_wconf 83' lang='lat' dir='ltr'><strong>quae</strong></span> 
     </span>
     <span class='ocr_line' id='line_1_28' title="bbox 108 2481 1037 2575; baseline 0.003 -27"><span class='ocrx_word' id='word_1_190' title='bbox 108 2481 221 2570; x_wconf 76' lang='lat' dir='ltr'><strong>mugitu</strong></span> <span class='ocrx_word' id='word_1_191' title='bbox 245 2508 315 2554; x_wconf 85' lang='lat' dir='ltr'><strong>csso</strong></span> <span class='ocrx_word' id='word_1_192' title='bbox 336 2487 477 2564; x_wconf 75' lang='lat' dir='ltr'><strong>uidentur</strong></span> <span class='ocrx_word' id='word_1_193' title='bbox 499 2489 573 2574; x_wconf 87' lang='lat' dir='ltr'><strong>quio</strong></span> <span class='ocrx_word' id='word_1_194' title='bbox 597 2488 691 2575; x_wconf 79' lang='lat' dir='ltr'><strong>possit</strong></span> <span class='ocrx_word' id='word_1_195' title='bbox 724 2489 816 2568; x_wconf 85' lang='lat' dir='ltr'><strong>etiam</strong></span> <span class='ocrx_word' id='word_1_196' title='bbox 853 2486 970 2572; x_wconf 79' lang='lat' dir='ltr'><strong>majore</strong></span> <span class='ocrx_word' id='word_1_197' title='bbox 993 2487 1037 2552; x_wconf 85' lang='lat' dir='ltr'><strong>in-</strong></span> 
     </span>
     <span class='ocr_line' id='line_1_29' title="bbox 108 2575 1038 2662; baseline 0.005 -27"><span class='ocrx_word' id='word_1_198' title='bbox 108 2591 188 2640; x_wconf 85' lang='lat' dir='ltr'><strong>cere.</strong></span> <span class='ocrx_word' id='word_1_199' title='bbox 203 2615 250 2626; x_wconf 91' lang='lat'><strong>-—</strong></span> <span class='ocrx_word' id='word_1_200' title='bbox 264 2575 418 2654; x_wconf 87' lang='lat' dir='ltr'><strong>Secundo,</strong></span> <span class='ocrx_word' id='word_1_201' title='bbox 441 2590 589 2662; x_wconf 80' lang='lat' dir='ltr'><strong>quantum</strong></span> <span class='ocrx_word' id='word_1_202' title='bbox 613 2577 653 2654; x_wconf 72' lang='lat' dir='ltr'><strong>cd</strong></span> <span class='ocrx_word' id='word_1_203' title='bbox 677 2577 827 2652; x_wconf 81' lang='lat' dir='ltr'><strong>rationem</strong></span> <span class='ocrx_word' id='word_1_204' title='bbox 867 2597 971 2642; x_wconf 89' lang='lat' dir='ltr'><strong>rorum</strong></span> <span class='ocrx_word' id='word_1_205' title='bbox 994 2576 1008 2640; x_wconf 84' lang='lat' dir='ltr'><strong>i</strong></span> <span class='ocrx_word' id='word_1_206' title='bbox 1027 2615 1038 2625; x_wconf 91' lang='lat'>-</span> 
     </span>
     <span class='ocr_line' id='line_1_30' title="bbox 108 2665 1036 2752; baseline 0.009 -29"><span class='ocrx_word' id='word_1_207' title='bbox 108 2673 238 2745; x_wconf 82' lang='lat' dir='ltr'><strong>cccrum,</strong></span> <span class='ocrx_word' id='word_1_208' title='bbox 261 2686 337 2751; x_wconf 80' lang='lat' dir='ltr'><strong>quus</strong></span> <span class='ocrx_word' id='word_1_209' title='bbox 360 2686 468 2741; x_wconf 85' lang='lat' dir='ltr'><strong>omncs</strong></span> <span class='ocrx_word' id='word_1_210' title='bbox 490 2685 678 2749; x_wconf 75' lang='lat' dir='ltr'><strong>cognoscere</strong></span> <span class='ocrx_word' id='word_1_211' title='bbox 697 2687 774 2742; x_wconf 39' lang='lat' dir='ltr'><strong>‘nou</strong></span> <span class='ocrx_word' id='word_1_212' title='bbox 810 2677 910 2752; x_wconf 82' lang='lat' dir='ltr'><strong>potest</strong></span> <span class='ocrx_word' id='word_1_213' title='bbox 948 2665 1036 2731; x_wconf 85' lang='lat' dir='ltr'><strong>intel·</strong></span> 
     </span>
     <span class='ocr_line' id='line_1_31' title="bbox 108 2746 1036 2840; baseline 0.002 -22"><span class='ocrx_word' id='word_1_214' title='bbox 108 2746 204 2818; x_wconf 83' lang='lat' dir='ltr'><strong>lectus</strong></span> <span class='ocrx_word' id='word_1_215' title='bbox 228 2755 286 2820; x_wconf 83' lang='lat' dir='ltr'><strong>nisi</strong></span> <span class='ocrx_word' id='word_1_216' title='bbox 310 2754 446 2826; x_wconf 82' lang='lat' dir='ltr'><strong>divinum</strong></span> <span class='ocrx_word' id='word_1_217' title='bbox 469 2753 637 2830; x_wconf 81' lang='lat' dir='ltr'><strong>bonitatem</strong></span> <span class='ocrx_word' id='word_1_218' title='bbox 672 2753 925 2840; x_wconf 74' lang='lat' dir='ltr'><strong>comprehendat.</strong></span> <span class='ocrx_word' id='word_1_219' title='bbox 950 2754 1036 2836; x_wconf 73' lang='lat' dir='ltr'><strong>Retio</strong></span> 
     </span>
     <span class='ocr_line' id='line_1_32' title="bbox 108 2840 1036 2929; baseline 0.005 -26"><span class='ocrx_word' id='word_1_220' title='bbox 108 2840 191 2906; x_wconf 81' lang='lat' dir='ltr'><strong>enim</strong></span> <span class='ocrx_word' id='word_1_221' title='bbox 216 2843 379 2929; x_wconf 65' lang='lat' dir='ltr'><strong>cujuslibet</strong></span> <span class='ocrx_word' id='word_1_222' title='bbox 402 2843 444 2908; x_wconf 88' lang='lat' dir='ltr'><strong>rei</strong></span> <span class='ocrx_word' id='word_1_223' title='bbox 474 2841 570 2920; x_wconf 73' lang='lat' dir='ltr'><strong>scotto</strong></span> <span class='ocrx_word' id='word_1_224' title='bbox 608 2844 738 2920; x_wconf 81' lang='lat' dir='ltr'><strong>sumitur</strong></span> <span class='ocrx_word' id='word_1_225' title='bbox 771 2862 808 2908; x_wconf 83' lang='lat' dir='ltr'><strong>ex</strong></span> <span class='ocrx_word' id='word_1_226' title='bbox 844 2841 905 2906; x_wconf 84' lang='lat' dir='ltr'><strong>fine</strong></span> <span class='ocrx_word' id='word_1_227' title='bbox 943 2863 1036 2928; x_wconf 90' lang='lat' dir='ltr'><strong>quem</strong></span> 
     </span>
     <span class='ocr_line' id='line_1_33' title="bbox 109 2922 1037 3008; baseline 0.014 -21"><span class='ocrx_word' id='word_1_228' title='bbox 109 2922 386 2998; x_wconf 82' lang='lat' dir='ltr'><strong>inciensiotendit.</strong></span> <span class='ocrx_word' id='word_1_229' title='bbox 411 2930 492 2996; x_wconf 89' lang='lat' dir='ltr'><strong>Finis</strong></span> <span class='ocrx_word' id='word_1_230' title='bbox 516 2944 618 2994; x_wconf 81' lang='lat' dir='ltr'><strong>cutem</strong></span> <span class='ocrx_word' id='word_1_231' title='bbox 643 2931 781 2994; x_wconf 85' lang='lat' dir='ltr'><strong>omniurn</strong></span> <span class='ocrx_word' id='word_1_232' title='bbox 806 2951 822 3000; x_wconf 84' lang='lat' dir='ltr'><strong>tt</strong></span> <span class='ocrx_word' id='word_1_233' title='bbox 853 2930 920 2994; x_wconf 86' lang='lat' dir='ltr'><strong>Deo</strong></span> <span class='ocrx_word' id='word_1_234' title='bbox 944 2931 1037 3008; x_wconf 76' lang='lat' dir='ltr'><strong>iacto·</strong></span> 
     </span>
     <span class='ocr_line' id='line_1_34' title="bbox 107 3018 1037 3103; baseline 0.001 -19"><span class='ocrx_word' id='word_1_235' title='bbox 107 3031 176 3085; x_wconf 73' lang='lat' dir='ltr'><strong>tutu</strong></span> <span class='ocrx_word' id='word_1_236' title='bbox 188 3019 290 3094; x_wconf 80' lang='lat' dir='ltr'><strong>ditius</strong></span> <span class='ocrx_word' id='word_1_237' title='bbox 306 3020 426 3096; x_wconf 79' lang='lat' dir='ltr'><strong>bonitus</strong></span> <span class='ocrx_word' id='word_1_238' title='bbox 438 3032 493 3087; x_wconf 86' lang='lat' dir='ltr'><strong>est.</strong></span> <span class='ocrx_word' id='word_1_239' title='bbox 506 3019 592 3085; x_wconf 84' lang='lat' dir='ltr'><strong>Ratio</strong></span> <span class='ocrx_word' id='word_1_240' title='bbox 609 3019 699 3103; x_wconf 72' lang='lat' dir='ltr'><strong>igitur</strong></span> <span class='ocrx_word' id='word_1_241' title='bbox 711 3039 814 3086; x_wconf 85' lang='lat' dir='ltr'><strong>rorum</strong></span> <span class='ocrx_word' id='word_1_242' title='bbox 829 3018 975 3086; x_wconf 80' lang='lat' dir='ltr'><strong>iacturum</strong></span> <span class='ocrx_word' id='word_1_243' title='bbox 993 3035 1037 3086; x_wconf 89' lang='lat' dir='ltr'><strong>cst</strong></span> 
     </span>
     <span class='ocr_line' id='line_1_35' title="bbox 114 3105 1038 3194; baseline 0.01 -27"><span class='ocrx_word' id='word_1_244' title='bbox 114 3115 146 3172; x_wconf 88' lang='lat' dir='ltr'><strong>ut</strong></span> <span class='ocrx_word' id='word_1_245' title='bbox 169 3105 271 3174; x_wconf 84' lang='lat' dir='ltr'><strong>diuino</strong></span> <span class='ocrx_word' id='word_1_246' title='bbox 295 3109 415 3184; x_wconf 78' lang='lat' dir='ltr'><strong>bonitus</strong></span> <span class='ocrx_word' id='word_1_247' title='bbox 438 3105 628 3186; x_wconf 75' lang='lat' dir='ltr'><strong>diffundatur</strong></span> <span class='ocrx_word' id='word_1_248' title='bbox 651 3109 681 3180; x_wconf 87' lang='lat' dir='ltr'><strong>in</strong></span> <span class='ocrx_word' id='word_1_249' title='bbox 721 3107 821 3172; x_wconf 87' lang='lat' dir='ltr'><strong>rebus.</strong></span> <span class='ocrx_word' id='word_1_250' title='bbox 862 3107 912 3174; x_wconf 87' lang='lat' dir='ltr'><strong>Sic</strong></span> <span class='ocrx_word' id='word_1_251' title='bbox 946 3109 1038 3194; x_wconf 80' lang='lat' dir='ltr'><strong>igitur</strong></span> 
     </span>
     <span class='ocr_line' id='line_1_36' title="bbox 110 3189 1038 3290; baseline 0.006 -34"><span class='ocrx_word' id='word_1_252' title='bbox 110 3189 217 3290; x_wconf 66' lang='lat' dir='ltr'><strong>diiquis</strong></span> <span class='ocrx_word' id='word_1_253' title='bbox 240 3217 348 3274; x_wconf 86' lang='lat' dir='ltr'><strong>omnes</strong></span> <span class='ocrx_word' id='word_1_254' title='bbox 371 3197 504 3272; x_wconf 80' lang='lat' dir='ltr'><strong>cotiones</strong></span> <span class='ocrx_word' id='word_1_255' title='bbox 527 3217 631 3272; x_wconf 84' lang='lat' dir='ltr'><strong>rerum</strong></span> <span class='ocrx_word' id='word_1_256' title='bbox 646 3210 817 3265; x_wconf 82' lang='lat' dir='ltr'><strong>creatarum</strong></span> <span class='ocrx_word' id='word_1_257' title='bbox 835 3214 1038 3282; x_wconf 78' lang='lat' dir='ltr'><strong>cognosceret</strong></span> 
     </span>
     <span class='ocr_line' id='line_1_37' title="bbox 114 3284 1113 3370; baseline 0.002 -20"><span class='ocrx_word' id='word_1_258' title='bbox 114 3297 138 3350; x_wconf 78' lang='lat' dir='ltr'><strong>st</strong></span> <span class='ocrx_word' id='word_1_259' title='bbox 160 3300 359 3368; x_wconf 77' lang='lat' dir='ltr'><strong>cognosceret</strong></span> <span class='ocrx_word' id='word_1_260' title='bbox 382 3286 485 3352; x_wconf 83' lang='lat' dir='ltr'><strong>omniu</strong></span> <span class='ocrx_word' id='word_1_261' title='bbox 510 3284 590 3350; x_wconf 84' lang='lat' dir='ltr'><strong>bonu</strong></span> <span class='ocrx_word' id='word_1_262' title='bbox 616 3304 694 3370; x_wconf 77' lang='lat' dir='ltr'><strong>quse</strong></span> <span class='ocrx_word' id='word_1_263' title='bbox 728 3285 758 3352; x_wconf 90' lang='lat' dir='ltr'><strong>iu</strong></span> <span class='ocrx_word' id='word_1_264' title='bbox 797 3285 890 3362; x_wconf 76' lang='lat' dir='ltr'><strong>rebus</strong></span> <span class='ocrx_word' id='word_1_265' title='bbox 929 3290 1037 3357; x_wconf 81' lang='lat' dir='ltr'><strong>creatis</strong></span> <span class='ocrx_word' id='word_1_266' title='bbox 1109 3301 1113 3311; x_wconf 93' lang='grc'><strong>’</strong></span> 
     </span>
    </p>
   </div>
   <div class='ocr_carea' id='block_1_5' title="bbox 110 3373 1037 3560">
    <p class='ocr_par' dir='ltr' id='par_1_5' title="bbox 110 3373 1037 3560">
     <span class='ocr_line' id='line_1_38' title="bbox 110 3373 1037 3465; baseline 0.006 -29"><span class='ocrx_word' id='word_1_267' title='bbox 110 3374 281 3444; x_wconf 75' lang='lat' dir='ltr'><strong>emendum</strong></span> <span class='ocrx_word' id='word_1_268' title='bbox 305 3375 446 3448; x_wconf 84' lang='lat' dir='ltr'><strong>ordinem</strong></span> <span class='ocrx_word' id='word_1_269' title='bbox 470 3374 591 3446; x_wconf 85' lang='lat' dir='ltr'><strong>divinoe</strong></span> <span class='ocrx_word' id='word_1_270' title='bbox 606 3373 774 3459; x_wconf 81' lang='lat' dir='ltr'><strong>supientiae</strong></span> <span class='ocrx_word' id='word_1_271' title='bbox 792 3376 953 3460; x_wconf 81' lang='lat' dir='ltr'><strong>provenire</strong></span> <span class='ocrx_word' id='word_1_272' title='bbox 967 3398 1037 3465; x_wconf 85' lang='lat' dir='ltr'><strong>pos·</strong></span> 
     </span>
     <span class='ocr_line' id='line_1_39' title="bbox 112 3463 1036 3560; baseline 0.014 -42"><span class='ocrx_word' id='word_1_273' title='bbox 112 3471 191 3540; x_wconf 80' lang='lat' dir='ltr'><strong>sunt3</strong></span> <span class='ocrx_word' id='word_1_274' title='bbox 213 3463 295 3550; x_wconf 89' lang='lat' dir='ltr'><strong>qood</strong></span> <span class='ocrx_word' id='word_1_275' title='bbox 319 3479 398 3531; x_wconf 86' lang='lat' dir='ltr'><strong>essct</strong></span> <span class='ocrx_word' id='word_1_276' title='bbox 421 3464 556 3530; x_wconf 85' lang='lat' dir='ltr'><strong>diuinum</strong></span> <span class='ocrx_word' id='word_1_277' title='bbox 587 3463 753 3530; x_wconf 82' lang='lat' dir='ltr'><strong>bonitatem</strong></span> <span class='ocrx_word' id='word_1_278' title='bbox 790 3477 836 3560; x_wconf 85' lang='grc' dir='ltr'><strong>ει·</strong></span> <span class='ocrx_word' id='word_1_279' title='bbox 858 3465 948 3531; x_wconf 83' lang='lat' dir='ltr'><strong>ctiam</strong></span> <span class='ocrx_word' id='word_1_280' title='bbox 989 3487 1036 3531; x_wconf 83' lang='lat' dir='ltr'><strong>se-</strong></span> 
     </span>
    </p>
   </div>
   <div class='ocr_carea' id='block_1_6' title="bbox 0 0 1245 3970">
    <p class='ocr_par' dir='ltr' id='par_1_6' title="bbox 0 0 1245 3970">
     <span class='ocr_line' id='line_1_40' title="bbox 0 0 1245 3970; baseline 0 0"><span class='ocrx_word' id='word_1_281' title='bbox 0 0 1245 3970; x_wconf 95' lang='lat' dir='ltr'><strong> </strong></span> 
     </span>
    </p>
   </div>
  </div>
 </body>
</html>
