2516 3968
410 243 465 287 nra.
490 243 531 288 ιιι.
557 241 620 288 cnr.
644 241 751 288 cxnvu.
975 223 1039 288 tta

118 308 221 375 calore
243 309 333 394 ignis,
356 311 410 376 sed
434 313 591 396 garreratio
622 313 722 376 carnis
757 324 787 376 et
821 311 1038 377 determinatio

117 402 274 484 augmenti
298 413 328 464 et
351 399 409 466 alia
433 397 610 485 hujusmodi
633 415 705 466 sunt
728 399 767 465 ab
792 402 894 476 anima
913 415 1036 486 vegeta-

116 485 181 565 bili,
203 508 282 573 quae
306 488 399 554 utitur
421 490 523 556 calore
538 491 631 575 igneo
646 491 723 554 sicut
740 490 954 554 instrumento.
972 489 1037 556 Sub

116 574 185 640 Deo
209 589 323 654 autern,
345 577 397 664 qui
425 592 471 644 est
506 580 622 664 primus
646 577 818 643 intellectus
852 590 883 641 et
919 577 1039 656 rolens,

116 663 298 731 ordinantur
331 687 441 733 omnes
483 667 654 732 intellectus
688 681 720 731 et
754 666 925 732 voluntates
959 668 1038 732 sieut

116 755 319 820 instrumenta
342 755 399 821 sub
430 757 590 844 principali
624 770 745 840 agente.
785 753 915 842 Oportet
944 756 1038 839 igitur

115 843 200 928 quod
227 863 336 910 eorum
371 846 564 931 operationes
602 843 768 910 efficaciam
806 865 868 909 non
904 844 1038 910 babeant

115 947 258 1017 respectu
281 933 406 998 ultimae
429 934 633 1019 perfectionis,
654 949 736 1020 ‘quae
759 946 805 1016 est
821 933 943 1018 adeptio
959 933 1037 1000 fina-

116 1020 153 1085 lis
178 1020 383 1101 beatitudinis,
406 1024 463 1088 nisi
488 1045 544 1110 per
575 1024 718 1088 virtutem
746 1021 892 1086 divinam.
917 1022 1038 1108 indiget

115 1109 209 1194 igitur
231 1111 387 1177 rationalis
409 1125 518 1178 natura
541 1113 645 1177 divino
668 1110 780 1176 auxilio
793 1110 831 1175 ad
845 1130 1036 1198 consequen-

114 1198 189 1264 durn
215 1199 357 1265 ultimum
383 1199 486 1266 finem.
812 1247 816 1254 ·

181 1287 354 1368 Praeterea,
377 1289 499 1354 Homini
538 1301 608 1354 sunt
642 1288 863 1375 impedimenta
903 1287 1035 1373 plurima

114 1375 315 1464 perveniendi
340 1378 377 1442 ad
414 1378 518 1443 finem.
556 1378 725 1465 impeditur
760 1378 843 1442 enim
878 1375 1035 1444 debilitate

78 1528 80 1531 .
114 1465 252 1544 rationis,
275 1486 354 1551 qnae
378 1467 417 1532 de
445 1465 524 1532 facili
564 1468 693 1532 trabitur
727 1467 758 1530 in
794 1485 946 1544 errorem,
981 1488 1036 1553 per

112 1575 206 1640 quern
231 1575 248 1619 a
271 1569 353 1620 recta
377 1557 423 1621 via
452 1555 653 1644 perveniendi
677 1557 707 1620 iu
732 1555 826 1620 tinem
851 1553 1034 1621 excluditur.

113 1643 283 1732 ltnpeditur
304 1646 395 1710 etiam
419 1665 455 1710 ex
479 1643 672 1730 passionibus
694 1644 789 1730 partis
818 1643 981 1708 sensitirae
1004 1659 1035 1710 et

112 1751 150 1796 ex
174 1727 388 1800 affectionibus
425 1733 537 1820 quibus
560 1733 598 1797 ad
632 1733 788 1798 sensibilia
824 1744 854 1796 et
888 1731 1034 1799 inferiora

112 1822 254 1900 trabitur3
286 1823 397 1908 quibus
432 1835 547 1908 quanto
582 1823 679 1905 magis
718 1821 857 1886 inhaeret
892 1821 1032 1906 (tanto)

112 1909 235 1994 longius
258 1909 297 1976 ab
321 1911 429 1982 ultimo
452 1910 514 1976 tine
542 1911 643 1988 dietae
667 1910 852 2000 baeeenim
877 1908 955 1974 inira
979 1911 1034 1974 bo·

112 2000 229 2064 minem
253 2013 335 2081 sunt,
356 2000 425 2066 finis
448 2014 551 2065 antem
574 1999 715 2086 superior
738 2019 776 2064 eo
799 1999 908 2072 existit.
933 1999 1034 2086 impe-

112 2087 195 2152 ditur
217 2088 308 2153 etiam
333 2089 514 2176 plerumque
537 2090 674 2174 corporis
691 2087 873 2152 infirmitate
897 2087 936 2152 ab
959 2107 1034 2154 exe-

111 2177 235 2241 cutione
258 2179 463 2243 virtuosorum
480 2190 615 2252 actuum,
630 2177 741 2263 quibus
757 2175 794 2240 ad
809 2176 1046 2241 beatitudinem

112 2265 256 2331 tenditur.
281 2266 399 2351 indiget
422 2267 516 2352 igitur
537 2265 651 2330 auxilio
674 2264 778 2330 divino
802 2264 897 2328 bomo
914 2283 953 2327 ne
978 2285 1033 2351 per

111 2351 290 2438 hujusmodi
325 2354 544 2442 impedimenta
580 2353 713 2419 totaliter
751 2352 789 2418 ab
826 2351 934 2417 ultimo
969 2355 1032 2420 fine

112 2443 244 2509 deficiat.

177 2531 254 2598 ilinc
277 2531 429 2620 estquod
453 2531 574 2598 dieiturr
609 2529 706 2596 Nema
725 2541 829 2614 potest
862 2531 966 2596 uenire
988 2532 1032 2596 ud

110 2639 170 2700 me,
192 2621 253 2685 aiei
276 2621 369 2687 Pater
391 2623 443 2707 qui
465 2623 551 2686 utieit
573 2639 620 2684 me
644 2621 775 2684 nocuit
796 2620 897 2697 ittam,
911 2620 1032 2697 ioann„

109 2709 142 2789 6,
164 2709 217 2787 db
241 2724 281 2774 et:
307 2710 393 2776 Sicut
422 2712 544 2795 patmos
566 2729 628 2773 nou
647 2719 750 2791 potest
781 2709 864 2791 serre
898 2709 1032 2792 fructum

109 2819 130 2862 a
153 2800 327 2883 semetipso,
349 2799 411 2864 uisi
431 2799 581 2866 utouserr't
603 2799 635 2862 in
657 2798 729 2876 vite,
750 2798 796 2862 sic
816 2816 871 2862 nee
884 2817 949 2872 una,
971 2798 1034 2862 nisi

108 2887 143 2951 in
167 2907 215 2952 ma
236 2889 426 2966 manseritis,
447 2889 569 2964 Joaun„
594 2886 645 2963 ts,
669 2887 700 2951 lt.

177 2975 237 3041 Per
259 2976 319 3042 boc
342 2990 446 3042 autern
476 2975 647 3041 excluditur
670 2995 759 3040 error
782 2973 1031 3059 pelagianorum,
1061 3005 1068 3018 ·

109 3065 163 3150 qui
186 3065 330 3130 dixerunt
363 3064 446 3152 quod
481 3082 536 3152 per
569 3064 670 3130 solum
701 3064 834 3129 liberum
869 3063 1030 3128 arbitrium

109 3151 207 3220 bomo
231 3167 348 3241 poterat
372 3154 429 3223 Dei
451 3154 582 3240 gloriam
605 3152 786 3240 promereri.

157 3595 188 3665 s.
219 3600 272 3666 rt.
299 3553 443 3667 mmmm
466 3599 546 3666 east.
570 3598 604 3666 r.
628 3598 660 3666 a.
944 3596 986 3662 aa
