2514 3972
420 229 477 296 tin.
501 249 542 296 m.
566 249 629 297 etr.
652 249 740 298 cxxn.
965 231 1027 302 371

425 405 448 474 C
461 407 484 472 t
496 407 519 472 P
533 407 595 474 UT
618 407 735 476 oxxn.
763 461 766 470 .

158 585 228 668 Qua
249 585 370 651 rationo
390 583 555 668 fornicatio
578 587 711 670 simplet
731 569 899 651 iocundum
932 587 1030 673 teporo
1085 564 1088 573 Ι

183 676 338 745 ,dimittam
359 677 401 739 rit
418 685 589 759 peceatum,
612 686 641 742 et
677 675 760 760 quot
795 674 1028 744 matrimonium
1130 675 1133 687 ’

199 767 241 832 eit
262 766 416 832 notnrolo.

177 942 219 1007 Ex
247 941 306 1007 hoo
329 959 431 1008 antem
458 954 584 1029 apparet
621 961 732 1008 vanem
769 961 837 1010 esne
874 944 1025 1016 rationem

106 1031 317 1118 quorumdam
340 1029 508 1097 dioentinm
524 1030 757 1098 fornicationem
769 1029 940 1118 simplioem
962 1055 1026 1102 non

108 1139 180 1186 esse
203 1133 371 1206 petentum.

176 1209 289 1274 Dionnt
311 1211 405 1274 enirn:
429 1207 474 1274 Sit
496 1208 598 1294 aliquo
622 1207 734 1274 molier
762 1228 778 1272 o
814 1208 879 1276 viro
912 1209 1024 1292 solute,

106 1318 189 1384 qnae
212 1299 270 1366 sub
294 1297 407 1364 nuttios
431 1312 581 1385 potestate
615 1298 662 1362 iet
692 1297 786 1384 patrio
809 1297 857 1362 vel
895 1299 1025 1385 alienius

106 1387 372 1465 atteriusexista13
394 1387 419 1454 oi
443 1388 510 1473 quis
534 1386 573 1451 nd
595 1407 665 1452 enm
688 1386 875 1465 recedenter
891 1388 1025 1468 volente,

107 1497 173 1541 non
196 1475 267 1540 feeit
289 1475 331 1540 itti
355 1476 511 1562 injnriom,
534 1463 605 1561 quia
628 1475 687 1540 sibi
712 1475 810 1560 placet
833 1490 864 1540 et
887 1479 935 1542 sui
958 1498 1024 1543 cor·

102 1567 190 1651 poris
210 1565 301 1632 habet
319 1579 510 1650 potestatem
534 1584 563 1628 et
587 1565 674 1628 alteri
695 1583 759 1628 non
783 1561 853 1628 tacit
878 1565 1024 1650 tnjmim

103 1655 178 1742 quio
200 1654 258 1719 sub
281 1654 394 1718 nuliius
418 1667 566 1741 potestate
582 1673 648 1719 esse
673 1653 882 1739 ponitur3non
906 1654 1025 1723 videtin

103 1745 199 1830 igitur
220 1762 288 1808 eose
311 1756 480 1830 pennatum.

172 1831 238 1896 Non
263 1846 367 1898 antem
390 1832 508 1897 videtur
531 1851 598 1896 etse
621 1829 781 1916 responsio
804 1831 1020 1907 sufficient-oi

102 1920 175 2008 quio
197 1922 278 1985 dicet
298 1915 382 2006 qnod
407 1919 477 1986 feeit
500 1921 643 2006 injuriam
669 1919 744 1986 Deo.
758 1917 923 1988 Nononim
936 1922 1021 1990 Dour

101 2031 118 2076 o
143 2011 235 2076 nonis
257 2009 422 2074 offenditur
445 2011 501 2076 nisi
525 2031 561 2074 ox
583 2031 621 2075 eo
644 2008 728 2094 qood
750 2021 856 2074 eontra
879 2025 1020 2080 nostrum

102 2099 224 2164 bonnm
247 2099 378 2184 agimtn,
401 2111 434 2164 ut
457 2099 572 2164 dietum
594 2113 639 2164 est
662 2099 703 2184 (o,
730 2097 817 2180 tm).
835 2098 899 2166 Hoc
914 2113 1018 2168 nutem

101 2209 168 2253 non
191 2203 318 2274 apparet
340 2203 446 2252 contra
469 2189 603 2254 hominis
625 2188 755 2252 bonnm.
780 2185 867 2252 Unde
900 2208 938 2253 ex
960 2191 1021 2256 hoo

100 2297 168 2342 non
191 2277 311 2341 videtur
334 2276 401 2341 Deo
425 2277 527 2361 aliquo
552 2275 663 2360 injurie
694 2275 770 2340 fieri.
807 2311 852 2326 -
874 2276 1021 2344 Similiter

102 2367 197 2430 etiem
222 2385 284 2430 non
308 2366 431 2430 videtur
452 2365 610 2430 sufficiens
647 2364 807 2450 responsio
844 2366 929 2450 qnod
964 2386 1021 2452 per

103 2455 165 2520 hoo
188 2453 240 2520 [int
263 2453 376 2539 injuria
400 2455 541 2542 proximo
563 2451 869 2538 qni-senndoiizotnr.
894 2453 1020 2521 Contin-

101 2545 147 2628 git
170 2544 253 2609 enirn
277 2545 316 2608 de
340 2543 442 2629 aliquo
466 2542 548 2626 qnod
571 2539 742 2608 seeundum
756 2562 792 2606 oe
812 2563 873 2608 non
889 2556 1021 2631 estpee·

102 2646 207 2698 catum
229 2632 362 2720 aliquem
384 2631 592 2710 scandalizari,
617 2644 647 2696 et
662 2630 705 2694 sie
718 2632 758 2700 o'n
780 2648 939 2718 peceatum
960 2653 1018 2722 per

101 2723 255 2786 occidens.
293 2719 383 2786 Nono
417 2736 519 2786 rotem
559 2740 621 2785 non
643 2719 763 2804 egimus
786 2739 825 2786 en
853 2720 1013 2791 fornicatio

98 2811 233 2898 simplex
254 2809 293 2876 sit
314 2823 474 2898 peecatum
496 2829 552 2897 per
574 2807 726 2886 accidens,
749 2807 803 2874 sed
827 2830 881 2896 per
899 2829 947 2878 so.

168 2897 297 2987 Oportet
332 2901 426 2984 igitur
462 2920 499 2966 ex
521 2897 732 2983 superioribus
755 2897 940 2968 solutionem
967 2900 1012 2966 in

100 2988 235 3076 quirere.
258 2989 381 3053 Dictum
404 3001 450 3054 ent
464 2989 548 3053 enim
569 2987 612 3074 (e.
636 2987 656 3050 6
679 3000 709 3050 et
732 2985 790 3069 to)
813 2987 897 3074 qnod
929 2989 1014 3056 Deus

101 3077 344 3164 uniuscujusque
365 3097 472 3143 ourom
496 3077 589 3142 hebet
611 3074 783 3140 seeundum
806 3076 836 3142 id
863 3077 947 3163 quod
970 3090 1016 3144 est

101 3168 130 3232 ei
156 3167 283 3232 bonnm.
306 3166 356 3231 Est
379 3181 482 3232 entem
495 3165 618 3230 bonnm
635 3164 875 3252 uniuscnjusque
888 3165 970 3252 qnod
983 3167 1018 3232 ti·

103 3268 502 3341 nemsunmoonsequetnr‚
514 3253 633 3318 mnium
652 3253 889 3339 nummejoseot
901 3253 1018 3340 quoda
1129 3321 1134 3325 .

103 3345 207 3411 debito
231 3346 292 3414 tino
315 3343 454 3410 divertat.
477 3343 563 3407 Sient
586 3355 690 3406 eutem
713 3341 745 3406 in
768 3356 841 3422 toto,
864 3343 904 3408 ito
930 3357 962 3408 et
985 3346 1017 3408 in

104 3434 251 3521 portibus,
270 3431 460 3498 considerari
491 3441 614 3518 oportet
631 3442 663 3494 ut
685 3430 798 3497 soitioot
814 3451 1020 3520 unaquaeqne

105 3543 174 3610 poro
188 3522 320 3594 hominio
332 3534 360 3590 et
378 3519 506 3611 quilibet
513 3531 598 3588 notus
608 3517 676 3606 ejus
691 3518 785 3588 finem
798 3521 935 3589 debitum
948 3541 1019 3589 sor·
