2494 3970
390 266 447 312 orn.
471 265 510 312 ιιι.
535 267 599 312 cnr.
623 267 704 312 ιιιιι.
842 316 846 322 ,
958 249 1000 314 63
1056 235 1059 247 “

90 349 227 423 apparet,
251 335 275 401 si
299 327 448 420 habitudo
470 337 683 402 consideretur
708 334 847 402 caelestis
870 340 1006 424 corporis

86 425 123 488 ad
144 445 242 490 suurn
263 424 325 490 ubi.
352 425 469 490 Patitur
491 427 574 490 enim
599 439 629 490 et
651 439 793 490 moretur
810 428 1005 512 unumquod-

83 533 143 598 que
166 513 341 579 seoundum
365 515 447 600 quod
471 527 516 579 est
539 515 570 578 in
602 516 747 600 potentin
782 516 843 598 agit
867 535 939 580 vero
976 529 1006 582 et

82 617 188 666 movet.
212 602 383 668 seeundum
407 603 491 689 quod
514 619 560 668 est
584 616 662 668 autu.
686 602 805 690 Corpus
823 617 1005 669 autemsae-

81 689 170 770 leste‚
202 691 374 757 seeundum
410 711 499 758 suam
532 691 733 757 substantiam
767 692 1006 768 consideratum,

79 779 240 844 invenitur
263 795 295 846 ut
319 783 349 845 in
374 783 507 867 potentio
537 780 745 846 indifferenter
769 801 802 845 so
826 782 943 846 babens
966 783 1005 847 ad

80 868 246 952 quodlibet
267 869 331 947 ubi,
358 874 435 934 siout
471 870 596 934 materia
632 871 729 956 prima
764 871 803 934 ud
837 871 1006 955 quamlibet

78 955 229 1038 formam,
252 960 330 1023 siout
353 959 543 1045 praedictum
578 971 632 1024 est.
657 959 750 1024 Aliter
773 973 875 1025 autem
900 973 944 1024 est
967 961 1005 1024 de

78 1065 215 1132 corpore
239 1049 323 1132 gravi
346 1061 376 1112 et
400 1049 470 1124 ieri,
494 1047 587 1134 quod,
622 1049 652 1111 in
676 1067 731 1112 sua
763 1065 870 1113 natura
904 1052 1006 1114 consi·

78 1133 238 1214 der-atum,
261 1157 323 1200 oon
345 1152 392 1200 est
414 1137 591 1202 indifferens
613 1137 652 1200 od
676 1155 800 1202 omnem
818 1137 931 1215 ionum,
947 1140 1001 1203 sed

80 1243 118 1286 ex
142 1227 265 1290 ratione
288 1245 362 1290 suae
385 1224 503 1290 formae
525 1225 749 1290 determinatur
771 1227 827 1292 sibi
845 1233 928 1290 ioous
945 1225 972 1309 (1
983 1228 1004 1310 ).

79 1310 197 1377 Natura
223 1315 315 1398 igitur
339 1316 474 1400 eorporis
498 1317 598 1399 gravis
615 1328 645 1378 et
663 1315 737 1379 letis
760 1329 806 1379 est
822 1315 1004 1402 principium

77 1404 217 1466 activum
243 1418 344 1468 rnotus
368 1405 443 1488 ejus3
467 1417 576 1468 natura
612 1423 684 1468 vero
707 1407 844 1490 corporis
867 1405 1004 1468 eoelestis

78 1505 124 1553 est
149 1506 255 1556 mutus
279 1493 373 1578 ipsius
396 1495 549 1578 passivum
566 1492 749 1577 principium
766 1493 826 1578 (b).
843 1492 929 1558 Unde
941 1513 1004 1558 non

78 1577 173 1644 debet
198 1581 290 1646 alicui
313 1581 409 1645 rideri
443 1581 527 1666 quod
552 1581 701 1645 violenter
735 1595 904 1659 moveatur,
927 1586 1004 1646 siout

78 1687 213 1754 corpora
238 1672 341 1753 gravia
364 1685 394 1734 et
418 1670 505 1748 levia,
529 1689 609 1756 quoe
633 1669 930 1736 anobismoventur
949 1691 1003 1756 per

79 1756 284 1822 intellectum.
307 1759 495 1844 Corporibus
519 1760 602 1823 enirn
640 1761 784 1842 gravibus
819 1774 849 1824 et
883 1759 1001 1826 levibus

80 1845 161 1910 inest
186 1847 333 1912 naturalis
364 1848 502 1934 aptitudo
536 1847 575 1911 ad
598 1849 784 1912 contrarium
821 1863 939 1914 motum
974 1852 1000 1912 ei

79 1951 142 2016 quo
169 1951 334 2000 moventur
356 1958 372 2001 a
398 1935 496 2013 nobis3
530 1949 561 2000 et
585 1937 654 2000 ideo
677 1959 693 2000 u
719 1938 807 2002 uubis
842 1952 1004 2002 moventur·

79 2041 134 2108 per
158 2025 348 2104 viuientiam,
371 2026 442 2090 lieet
464 2039 567 2090 mutus
595 2027 733 2111 eorporis
767 2029 906 2092 animalis
940 2049 1001 2112 quo

78 2129 223 2178 movetur
246 2115 285 2178 ab
309 2115 411 2179 noima
436 2135 497 2178 nou
521 2115 559 2180 sit
580 2117 609 2178 ei
633 2115 794 2194 violentus,
819 2119 1000 2202 inquantum

77 2215 123 2264 est
147 2205 331 2281 animatum,
354 2203 409 2268 etsi
434 2205 471 2267 sit
495 2205 522 2267 ei
546 2204 707 2281 uiolentus,
732 2206 761 2267 iu
785 2221 933 2290 quantum
958 2221 1004 2268 est

76 2307 172 2371 grave
196 2291 364 2375 quoddam,
388 2291 524 2378 Corpora
560 2307 663 2357 autem
686 2293 827 2358 caelestia
852 2314 913 2358 uon
950 2294 1002 2357 hu-

77 2377 150 2444 bent
176 2381 379 2466 aptitudinem
403 2381 441 2445 oti
477 2395 596 2446 motum
634 2384 833 2456 eontrarium,
869 2383 922 2448 sed
962 2381 1000 2446 nd

76 2464 165 2532 illurn
190 2489 252 2554 quo
275 2484 439 2534 moventur
462 2489 478 2534 a
504 2470 672 2534 substantia
696 2471 896 2557 intelligente3
919 2473 1003 2536 undu

77 2555 171 2622 simui
191 2573 240 2623 est
263 2558 463 2636 voluntarius,
498 2571 647 2646 quantum
683 2559 720 2623 ad
753 2563 936 2648 prinuipium
970 2582 1003 2624 a·

77 2645 205 2723 utinum,
221 2661 250 2710 et
267 2647 423 2726 naturalis,
435 2664 583 2734 quantuor
597 2645 827 2734 adprtnoipibrn
836 2651 1001 2736 passivum.

144 2736 238 2817 Quod
263 2751 366 2801 autem
391 2749 492 2801 motus
517 2736 592 2802 coeli
617 2751 664 2800 est
687 2738 876 2802 voluntarius
892 2759 1002 2802 secun-

78 2819 153 2888 dum
178 2827 309 2889 uetitum
334 2826 520 2912 principium
559 2845 619 2890 nou
644 2839 795 2912 repugnat
830 2829 935 2891 unitati
971 2843 1002 2891 et

79 2911 286 2978 conformitati
310 2913 450 2978 eoelestis
474 2929 586 2987 mutus,
609 2933 646 2978 ex
670 2919 728 2980 boo
754 2915 836 3001 quod
860 2915 999 2980 voluutas

80 3001 118 3064 ad
142 3003 238 3066 muita
262 3023 296 3067 se
320 3004 413 3067 babet
436 3017 466 3066 et
483 3023 545 3066 uun
561 3017 607 3066 est
619 3005 822 3068 determinata
839 3005 876 3067 ad
894 3025 1001 3078 uuuun

78 3090 161 3172 quia,
183 3093 261 3156 siout
286 3106 393 3157 natura
415 3091 640 3156 determinatur
662 3096 701 3156 ati
725 3111 820 3157 unum
844 3111 999 3180 persuum

131 3264 172 3338 (i)
190 3266 241 3320 Sed
259 3285 290 3321 eoa
313 3273 415 3322 ratione
437 3285 500 3322 suae
522 3270 622 3338 [manoe
644 3271 832 3322 determinatur
851 3271 901 3322 sibi
920 3271 1001 3334 loeus,

82 3335 101 3385 i.
116 3353 138 3390 e.
160 3339 206 3391 sed
222 3341 264 3392 oui
283 3341 355 3393 lucus
374 3341 564 3392 determinatur
581 3357 613 3393 ex
631 3341 732 3393 ratione
749 3356 812 3393 suae
825 3341 934 3395 formae.

131 3408 173 3478 (ἓ)
187 3409 286 3463 Natura
318 3414 434 3482 corporis
465 3413 581 3464 coelestis
610 3419 648 3464 est
679 3413 840 3482 principium
870 3415 1003 3482 passivum

82 3487 165 3534 motus
191 3482 282 3550 ipsius3
301 3499 370 3538 ‚nam
399 3497 494 3552 corpus
517 3484 626 3543 coeleste
651 3490 690 3536 est
712 3483 779 3536 sieut
802 3487 1002 3538 instrumentum

83 3550 268 3606 intellectualia
286 3555 456 3606 substantiae.

171 3625 202 3690 S.
232 3625 285 3689 Tu.
314 3626 458 3692 Summae
475 3627 555 3692 Pbt'l.
580 3626 613 3694 V.
637 3627 667 3692 9.
895 3628 914 3691 5
