2462 3968
364 223 421 290 cra.
444 244 484 289 ru.
508 244 573 291 cta.
596 245 693 291 nrxvr.
930 228 996 294 ‘223

139 314 260 392 Adbuc,
273 315 304 379 in
321 313 369 380 bis
385 333 465 399 quae
480 314 615 380 bumana
628 313 820 401 providentia
833 331 1002 418 reguntur,

74 406 231 471 invenitur
254 404 336 490 quod
361 403 471 489 aliquis
494 405 634 490 superior
658 404 798 490 provisor
813 405 894 470 cirea
909 426 1001 491 quae-

73 494 143 558 dam
154 513 270 578 magna
287 492 468 558 universalia
485 494 688 580 perseipsum
706 493 857 577 excogitat
872 495 1003 579 qualiter

73 583 132 648 sint
155 581 342 660 ordinanda,
372 583 529 646 minorum
566 602 638 646 vcro
674 580 858 646 ordinem
851 603 916 668 apae
940 599 1001 648 non

73 673 237 774 excogitat,
261 669 315 735 sed
338 670 404 734 aliis
428 669 624 736 interioribus
648 670 884 756 excogitandum
908 673 1004 736 relin-

72 762 147 846 quit3
171 774 205 825 et
226 760 285 824 boc
309 759 435 844 quidem
459 761 608 844 contingit
644 780 698 845 per
732 759 800 843 ejus
832 758 1001 838 delectum,

74 851 259 936 inquantum
295 848 344 912 vel
379 848 581 931 singularium
619 851 775 914 ruinarum
811 849 1003 915 conditiones

73 941 196 1023 ignorat
221 937 269 1002 vel
292 957 355 1002 non
379 937 489 1001 sullicit
512 937 550 1002 ad
576 939 717 1002 omnium
741 937 884 1003 ordinem
910 959 1003 1004 exco-

31 1037 34 1044 ’
74 1027 248 1110 gitanduur,
272 1038 398 1111 propter
420 1025 560 1090 laborem
585 1039 616 1090 et
631 1027 777 1111 temporis
794 1027 999 1112 prolixitatem

75 1136 153 1200 quae
178 1115 400 1200 requireretur.
425 1113 608 1199 Huiusmodi
632 1129 736 1180 autem
752 1114 888 1180 delectus
908 1116 1000 1200 louge

76 1218 145 1270 sunt
169 1225 186 1268 a
212 1204 289 1281 De03
313 1223 384 1267 nam
417 1203 480 1288 ipsc
514 1205 618 1269 omnia
642 1203 808 1286 singularia
832 1207 1000 1288 cognoscit,

76 1313 131 1358 nec
155 1291 358 1393 intelligendo
383 1291 502 1358 laborat
526 1305 578 1356 aut
607 1305 730 1378 tempus
753 1293 893 1378 requirit,
928 1314 999 1362 cum

77 1381 277 1467 intelligendo
304 1381 440 1466 seipsum
474 1381 579 1446 omnia
614 1381 673 1446 alia
708 1396 889 1483 cognoscat,
922 1384 1018 1460 sicut,

76 1491 166 1557 supra
191 1469 228 1556 (l
252 1471 283 1548 Q,
305 1491 332 1536 c.
349 1469 648 1554 dlllostensumcst.
661 1469 758 1556 lpse
753 1471 999 1553 igituromnium

78 1560 280 1644 singularium
308 1557 449 1623 ordinem
487 1558 650 1642 excogitan
673 1557 740 1643 cjus
773 1559 865 1642 igitur
898 1563 1000 1646 provi·

79 1647 179 1714 dantia
206 1662 253 1712 est
277 1647 418 1723 omnium
441 1647 644 1731 singularium
669 1646 856 1713 immediate.

142 1737 232 1814 item,
256 1737 289 1800 lu
312 1737 406 1802 rebus
432 1737 595 1814 humanis,
631 1735 792 1802 inferiores
827 1741 1000 1824 provisores

80 1845 248 1910 persuum
283 1823 467 1891 industriam
504 1785 646 1891 ordirlem
679 1827 853 1910 excogitant
888 1827 917 1890 in
952 1828 1000 1894 bis

79 1933 209 1997 quorum
238 1914 423 1997 gubernatio
447 1915 490 1979 eis
513 1935 530 1978 a
554 1914 748 2000 praesidente
783 1916 1000 1994 committitur,

81 2022 169 2088 quam
187 2003 314 2091 quidem
335 2003 517 2068 industriam
540 2025 557 2066 a
580 2003 775 2106 praesidente
798 2005 914 2072 babere
937 2026 999 2072 non

81 2109 218 2176 possunt,
242 2091 297 2156 sed
321 2113 410 2156 usum
435 2094 540 2178 ipsius;
563 2095 589 2157 si
616 2113 689 2157 vero
713 2112 730 2156 a
754 2095 914 2179 superiore
930 2115 999 2160 eam

81 2179 323 2266 lraberent,1am
347 2182 500 2246 ordinatio
525 2201 579 2266 per
605 2181 797 2268 superiorem
822 2182 949 2259 fierets
941 2185 998 2270 ipsi

80 2283 178 2336 autern
204 2283 306 2336 essent
334 2269 415 2334 illius
438 2271 639 2334 ordinationis
664 2289 726 2334 non
743 2272 928 2355 provisores,
944 2271 1000 2338 sed

80 2374 268 2425 executores.
292 2358 417 2424 Constat
440 2373 542 2423 autern
571 2379 638 2444 per
637 2358 823 2462 supradicta
848 2359 893 2442 (l.
919 2361 949 2439 l,
971 2382 1000 2425 c.

80 2447 129 2525 ll,
151 2449 225 2514 etl.
249 2449 280 2524 5,
303 2467 329 2512 o.
354 2447 425 2533 67)
453 2447 536 2549 quod
560 2447 660 2512 omnis
684 2447 834 2533 sapientia
857 2462 887 2513 ct
911 2449 999 2514 intel·

79 2531 171 2603 lectus
195 2557 358 2602 asumma
382 2537 479 2602 Deo
472 2558 503 2600 rn
529 2535 672 2602 omnibus
696 2537 902 2604 intellectibus
926 2560 999 2604 cau-

81 2640 170 2704 satur,
195 2646 253 2690 nec
273 2625 445 2691 intellectus
476 2625 588 2727 aliquis
612 2637 712 2711 potest
737 2625 851 2713 aliquid
888 2628 998 2694 intelli-

82 2731 151 2794 gere
175 2715 232 2780 nisi
257 2715 368 2779 uirtute
391 2714 508 2792 divina,
537 2715 616 2779 sicut
651 2733 708 2780 uec
742 2713 865 2800 aliquod
902 2735 999 2799 agens

82 2817 224 2901 pperatur
247 2803 303 2867 uisi
327 2803 510 2888 inquantum
522 2805 585 2886 agit
596 2804 708 2866 virtute
720 2801 827 2888 lpsrus
846 2803 914 2868 Est
907 2818 1000 2888 rgrtur

82 2887 143 2974 ipse
166 2893 250 2958 Deus
272 2891 450 2956 immediate
472 2911 527 2956 sua
552 2890 742 2977 providentia
759 2891 862 2958 omnia
876 2894 998 2978 dispeu-

83 2997 159 3062 sana
182 2981 368 3067 quicumque
391 2999 465 3044 vero
487 2979 575 3046 sub
568 3000 635 3066 rpso
659 2980 833 3065 provisores
856 2980 1000 3048 dicuntur

84 3082 152 3134 sunt
174 3069 414 3156 providentias
406 3069 500 3155 rpsius
524 3083 712 3134 executores.

146 3159 316 3234 Praeterea,
339 3157 486 3260 Superipr
509 3156 698 3244 providentia
724 3156 774 3222 dat
789 3157 913 3243 regulas
925 3178 998 3244 pro

86 3245 232 3312 videntiae
269 3247 416 3349 inferiori,
439 3247 517 3312 sicut
551 3245 692 3350 politicus
722 3246 774 3312 dat
810 3245 932 3332 regulas
968 3261 998 3316 et

86 3330 164 3420 leges
197 3336 268 3402 duci
301 3336 473 3415 exercuus,
513 3339 566 3422 qui
604 3335 657 3400 dat
693 3334 816 3419 regulas
845 3349 875 3401 ct
916 3337 999 3422 leges

85 3426 308 3492 centurionibus
345 3437 376 3490 ct
413 3425 566 3490 tribunis.
605 3423 636 3490 Si
674 3423 766 3507 igitur
803 3425 861 3490 ¹sub
899 3427 999 3513 prima

85 3515 270 3593 providentia
308 3514 365 3582 Dei
401 3513 515 3582 saturni
553 3526 625 3582 sunt
661 3513 739 3581 aliae
778 3514 999 3603 providentiae,
