2516 3968
429 218 486 287 tia.
509 200 551 288 in.
576 241 639 288 eno.
662 241 771 288 cxxxn.
970 219 1034 288 397

119 307 314 396 singulorum
335 309 508 376 vendantur
530 324 560 377 et
593 311 632 376 de
668 312 766 398 pretio
804 329 911 376 ornnes
948 329 1033 377 oom·
1149 329 1153 342 ¹

117 399 253 466 muniter
266 397 378 477 rivant3
399 399 484 486 quod
499 400 624 486 quidem
637 401 695 465 sub
711 397 861 486 Apostolis
876 413 1033 467 sertatum

119 487 240 554 uidetur
262 487 295 554 in
316 487 499 566 Jerusalem
522 487 748 554 diciturenim:
776 487 927 574 Quotquot
959 507 1033 572 pot·

118 596 255 643 sessores
287 595 433 662 aprorum
469 588 524 642 out
555 578 718 642 dontorum
741 587 843 656 oront,
872 576 1035 642 vendentes

118 664 289 752 opmeboot
297 667 403 749 pretio
427 683 532 732 eorum
555 673 633 751 quoe
647 665 829 744 otendebant,
842 664 1036 751 etponedont
1085 692 1089 696 ·

119 765 192 820 onte
209 754 307 839 pedes
328 755 558 839 Apostolorum.
577 754 784 821 ototoeootor
797 755 1036 840 autemainpntt's

116 855 214 927 prout
235 844 342 928 eoique
364 865 442 929 opos
464 856 541 909 erut.
564 845 628 910 Aet.
652 845 765 931 sipost,
788 843 819 921 d,
843 843 954 909 otoo.
979 843 1035 908 Hie

119 943 223 998 autem
246 932 358 1034 modus
379 953 443 999 non
465 932 584 1000 videtur
606 932 769 999 efficaciter
792 932 953 1019 prouidere
977 934 1034 998 hu·

120 1039 233 1087 manae
254 1033 345 1088 ritae.

186 1108 290 1176 Primo
312 1109 447 1196 quidem,
470 1109 541 1196 quia
564 1129 628 1177 non
650 1121 697 1174 est
719 1108 807 1174 faeiie
829 1109 913 1194 quod
934 1108 1036 1196 plnres

120 1195 270 1264 habentes
291 1218 421 1283 magnas
442 1199 651 1285 possessiones
664 1199 743 1264 hano
759 1200 851 1263 uitam
867 1212 1036 1274 assumant,

119 1299 162 1364 et,
185 1286 211 1352 si
233 1285 410 1352 conferatur
429 1287 511 1352 inter
532 1287 645 1354 multos
668 1288 800 1375 pretium
813 1286 896 1372 qood
912 1305 948 1352 es
964 1305 1035 1374 pos·

118 1373 307 1442 sessionibus
342 1393 509 1462 paucorum
533 1375 661 1442 divitum
693 1389 883 1463 assumptum
906 1390 962 1453 est,
974 1395 1035 1442 nott

119 1465 250 1532 sufficiet
271 1465 302 1530 in
326 1464 457 1530 muitum
481 1479 612 1552 ternpus;
634 1464 747 1529 deinde
783 1465 854 1550 quia
890 1464 1047 1551 possibile⁴

119 1553 157 1618 et'
173 1552 263 1619 iaoiie
284 1566 332 1618 est
354 1551 532 1637 hujusmodi
555 1553 688 1640 pretium
711 1552 758 1618 rel
781 1551 889 1617 fraude
912 1551 1034 1639 dispen-

119 1654 257 1708 satorum
280 1641 329 1708 tel
351 1639 433 1707 furto
457 1656 509 1708 aut
534 1643 641 1729 rapina
657 1641 807 1727 deperire.
821 1641 1034 1706 Remanebunt

119 1731 213 1816 igitur
235 1729 281 1796 iili
304 1731 355 1817 qni
379 1730 475 1798 taietn
500 1743 710 1819 paupertatem
732 1742 887 1796 sectantur
920 1731 1036 1815 absque

119 1821 340 1886 sustentatione
362 1819 451 1886 ritae.

185 1907 274 1987 Item,
284 1907 377 1974 Multo
393 1906 558 1974 aooidentia
570 1905 906 1993 suntquibushotnines
919 1923 1035 1990 eogun-

120 2011 172 2065 tur
185 1996 289 2064 looum
305 2010 434 2065 mutare.
450 1995 518 2062 Non
531 1997 624 2082 igitur
639 1997 696 2060 erit
711 1995 799 2061 saoile
811 1994 973 2082 providere
987 1993 1036 2060 iris

118 2105 198 2172 quos
220 2100 340 2173 oportet
362 2083 440 2150 sorte
462 2106 518 2171 per
554 2087 673 2150 diuersa
708 2083 774 2150 iooa
809 2084 963 2171 dispergi,
996 2082 1035 2147 de

119 2175 219 2262 pretio
242 2185 399 2261 assumpto
421 2172 460 2237 de
484 2171 727 2261 possessionibus
750 2172 781 2238 in
804 2190 970 2238 commone
986 2183 1035 2237 re·
1126 2180 1131 2196 ¹

120 2264 221 2330 daoto.

185 2352 238 2418 Est
259 2363 362 2418 autem
386 2351 464 2418 aiios
480 2349 657 2429 modus‚·ut
680 2348 888 2436 possessiones
901 2347 1036 2414 habeant

120 2461 312 2520 communes,
334 2460 372 2506 ex
402 2442 515 2528 quibus
552 2437 679 2522 singuiis
717 2438 912 2524 provideatur
946 2450 1037 2523 pront

122 2531 234 2616 eoique
257 2549 335 2617 opus
357 2528 460 2610 fuerit,
496 2531 573 2594 siout
597 2527 628 2590 in
670 2527 863 2592 monasteriis
897 2525 1036 2611 plurimis

121 2620 310 2686 observatur.
333 2616 396 2686 Sed
417 2639 475 2686 nee
496 2613 673 2702 hujusmodi
695 2613 805 2680 modus
829 2613 1034 2680 tidetoroon-

120 2727 257 2776 ueniens.
914 2739 921 2758 ·

186 2796 400 2864 Possessiones
423 2795 506 2862 enim
522 2808 662 2860 terrenae
698 2790 935 2859 sollicitudinem
958 2787 1035 2858 otte

118 2897 201 2966 runt,
223 2898 254 2952 et
276 2899 401 2974 propter
424 2884 671 2972 procurationem
719 2880 873 2960 fruetuum
897 2893 927 2944 et
962 2899 1033 2965 pro·

119 2988 188 3061 pter
209 2973 420 3040 defensionem
443 2993 550 3040 earum
573 2985 679 3036 eontra
704 2967 828 3035 fraudes
855 2982 885 3034 et
917 2967 1035 3032 violen-

119 3069 239 3140 tias;,et
262 3076 345 3128 tanto
368 3061 518 3148 majorem
542 3073 613 3126 eta
651 3058 791 3146 pluribus
826 3070 946 3144 oportet
980 3057 1033 3120 ha·

119 3149 186 3218 beri
207 3149 442 3218 sollieitudinem
466 3162 581 3236 quanto
604 3147 736 3232 majores
748 3149 954 3234 possessiones
967 3164 1033 3210 esse

119 3253 240 3327 oportet
262 3259 341 3327 quae
362 3238 517 3306 suffioiant
538 3239 577 3302 ad
601 3235 736 3324 plurium
770 3235 1032 3300 sustentationem.

119 3327 250 3417 Deperit
269 3329 361 3415 igitur
384 3327 443 3394 hoo
465 3325 560 3392 modo
583 3325 652 3390 finis
676 3323 864 3389 voluntariae
901 3341 1033 3409 pauper·-

120 3419 201 3498 tatis,
223 3417 262 3484 ad
285 3418 387 3483 minus
410 3428 560 3503 quantum
582 3414 621 3478 ad
656 3411 779 3490 multos,
802 3431 879 3497 quos
914 3425 1034 3499 oportet

120 3526 189 3574 esse
209 3506 293 3577 eirea
315 3503 524 3598 procurandas
546 3505 753 3594 possessiones
774 3499 929 3570 sollicitos.
962 3552 971 3567 .
