2462 3968
329 268 384 312 ua.
410 270 450 314 ru.
475 267 538 312 cur.
562 267 631 312 rcn.
656 267 691 310 rr
715 266 795 311 reru.
953 245 1011 312 281

90 339 242 406 diendum
269 337 446 424 sepulcrum
480 339 510 402 in
527 337 597 402 loeo
624 334 747 414 codem,
771 347 804 399 ut
826 347 949 420 praeter
971 337 1017 402 in-

89 431 264 494 tentionem
304 446 391 490 suam
426 427 578 494 inveniret
612 425 802 490 thesaurum.
837 422 887 488 Sic
924 425 1017 510 igitur

89 516 273 603 hujusmodi
296 514 409 580 fortuiti
435 529 573 592 eventus,
596 514 714 579 reducti
753 513 785 577 in
822 533 947 578 eausam
970 514 1018 579 di·

88 610 204 686 vinam,
230 605 375 670 amittunt
398 605 550 669 rationem
575 603 703 672 fortuiti:
732 603 850 669 reducti
873 622 946 666 vero
985 605 1016 668 in

88 717 216 764 causam
244 693 419 770 caelestem,
455 713 662 779 nequaquam,

154 786 218 850 Per
244 783 386 848 eamdem
410 783 502 847 etiam
529 783 679 846 rationem
703 791 830 868 apparet
853 781 935 865 quod
961 781 1017 845 ho-

87 896 140 940 mo
166 895 234 939 non
259 885 448 958 potestesse
483 872 562 937 bene
596 870 770 936 fortunatus
804 870 1018 936 urrirersaliter

88 985 125 1028 ex
150 965 267 1028 virtute
297 962 435 1046 eorporis
469 961 618 1038 caelestis,
640 960 694 1024 sed
733 961 835 1025 solunr
867 976 1017 1046 quantum

88 1053 126 1118 ad
152 1054 218 1118 lroo
243 1050 290 1114 vel
315 1050 400 1114 illud.
426 1050 502 1115 Dico
527 1064 630 1114 autern
661 1049 885 1124 universaliter,
908 1063 941 1114 ut
964 1049 1017 1113 ali-

89 1142 157 1226 quis
195 1142 294 1206 homo
333 1139 444 1204 lrabeat
479 1140 509 1203 in
546 1153 653 1203 natura
692 1161 749 1205 sua
782 1139 1017 1217 impressionem

89 1231 236 1296 caelestis
260 1229 397 1314 eorporis
422 1242 454 1292 ut
471 1229 563 1310 eligat
594 1249 717 1314 semper
747 1243 777 1292 et
815 1229 845 1292 in
881 1227 1020 1314 pluribus

90 1319 193 1404 alique
220 1317 332 1398 quibus
356 1319 415 1382 sint
454 1317 617 1400 conjuncta
651 1338 706 1402 per
740 1316 881 1381 accidens
917 1316 1018 1400 eliqua

88 1407 259 1474 eonunoda
284 1406 331 1470 rel
355 1406 562 1471 incommoda.
586 1405 699 1470 Natura
730 1407 813 1470 enirn
846 1425 909 1471 non
935 1405 1018 1470 ordi-

88 1511 182 1562 natur
207 1496 266 1560 nisi
302 1495 340 1560 nd
380 1515 488 1561 unum.
514 1495 554 1558 Ea
592 1509 696 1559 nutem
727 1493 899 1560 secundum
939 1515 1019 1578 quae

89 1586 212 1650 homini
237 1584 346 1649 eccidit
368 1585 448 1648 bene
473 1585 519 1648 vel
544 1584 625 1648 rnale
664 1583 837 1648 seeundum
861 1583 1019 1648 fortunanl

89 1697 152 1739 non
177 1687 252 1740 sunt
276 1671 454 1738 reducibilia
480 1673 509 1736 in
543 1673 668 1758 aliquod
707 1693 815 1748 unu1n3
854 1672 908 1736 sed
948 1686 1019 1737 sunt

91 1762 332 1828 indeterminata
357 1775 386 1826 et
410 1761 540 1840 infinita,
564 1775 597 1824 ut
620 1761 829 1846 Philosophus
859 1761 1020 1847 (physic,

92 1853 123 1928 2,
147 1866 222 1918 test.
250 1872 364 1916 comm.
390 1850 456 1934 50)
481 1850 554 1916 dieit
577 1863 607 1914 et
630 1849 668 1915 ad
693 1871 817 1914 sensum
835 1863 926 1937 patet.
951 1850 1018 1914 Nou

93 1955 139 2005 est
163 1961 241 2025 ergo
266 1939 411 2026 possibile
434 1941 516 2025 quod
549 1941 659 2026 aliquis
694 1939 806 2004 lrabeat
844 1940 875 2006 in
909 1953 1018 2004 natura

92 2051 147 2094 sua
172 2031 290 2114 eligere
314 2048 437 2114 semper
460 2049 495 2094 ea
520 2031 558 2094 ad
582 2051 662 2116 quae
684 2031 775 2093 etiarn
800 2048 855 2114 per
877 2029 1019 2094 accidens

92 2117 385 2204 sequunturaliquu
410 2119 584 2197 commoda,
608 2118 662 2182 sed
694 2130 794 2204 potest
829 2139 896 2182 esse
935 2117 1019 2203 quod

92 2227 128 2272 er
168 2205 368 2272 inclinatione
406 2207 528 2271 caelesti
558 2207 723 2272 inclinetur
763 2206 802 2270 ad
838 2205 1018 2290 eligendum

94 2295 209 2382 aliquid
234 2296 283 2360 eui
303 2295 488 2380 'conjugatur
516 2316 570 2380 per
593 2295 735 2360 accidens
773 2295 897 2380 aliquod
932 2315 1019 2359 oom-

94 2385 239 2458 modum,
262 2397 291 2448 et
315 2405 351 2448 ex
376 2385 433 2448 alia
458 2385 655 2450 inclinatione
679 2383 774 2461 aliud,
797 2399 827 2447 et
869 2404 907 2449 ex
931 2385 1019 2448 tertia

95 2475 233 2551 tertiusn3
256 2493 318 2537 uon
343 2487 445 2538 autern
471 2475 510 2538 ita
535 2473 617 2559 quod
657 2493 693 2536 ex
728 2493 789 2538 una
823 2473 1020 2538 inclinatione

96 2561 262 2628 inclinetur
286 2562 323 2626 ad
348 2563 461 2628 omnia.
487 2563 527 2627 Ex
551 2584 612 2626 una
637 2576 741 2626 autern
776 2560 878 2626 divina
917 2561 1024 2649 dispo·¹

50 2715 52 2722 ,
97 2650 208 2716 sitione
222 2665 320 2738 potest
343 2651 438 2716 homo
461 2651 500 2716 ad
524 2653 628 2716 omnia
652 2651 751 2734 dirigi.

403 2828 573 2896 canor
613 2827 715 2894 xcru.
817 2781 820 2787 ’

312 3006 359 3069 De
381 3007 460 3090 fcto·
484 3027 524 3070 ou
548 3007 588 3070 sit
610 3016 639 3068 et
662 3006 736 3088 quid
759 3005 806 3069 uit.

168 3183 208 3248 Ex
233 3183 281 3248 his
306 3197 409 3249 autem
434 3203 513 3268 quae
536 3181 703 3270 praemissa
727 3181 1025 3268 suntapparetquid

103 3271 140 3336 sit
163 3273 201 3336 de
240 3272 303 3337 lato
334 3271 542 3338 sentiendum.
578 3271 722 3336 l‘identes
761 3271 844 3336 enim
885 3272 1027 3336 homines

104 3361 198 3426 multa
223 3361 253 3426 in
278 3363 337 3428 hoe
361 3362 478 3430 mundo
509 3381 565 3447 per
603 3359 743 3426 accidens
778 3361 967 3445 contingere,
1001 3361 1025 3424 si

105 3467 214 3514 causac
238 3449 435 3533 particulares
459 3449 693 3516 considerentur
713 3460 910 3535 posuerunt..

170 3539 304 3621 Quidam
328 3537 412 3626 quod
435 3559 493 3606 neo
509 3540 602 3608 otiam
626 3539 665 3604 ab
697 3539 850 3627 aliquibus
885 3538 1024 3626 superio·
