2452 3970
237 225 251 288 l
259 225 301 290 uu
546 247 602 293 mn.
633 247 673 294 ut.
698 248 763 294 cun·
786 248 844 299 tu.-

236 335 251 376 a
275 333 379 391 scnsu;
400 317 432 379 'ct
455 315 498 381 nic
517 323 577 403 ’ρετ
599 317 792 384 sensibilium
816 312 1019 382 accidentium
1050 315 1160 400 cugni-

235 404 349 468 tiunem
370 418 489 491 oportet
506 406 544 470 ad
568 396 756 476 substantiae
779 405 966 472 intellectum
982 406 1158 490 perveniam

235 505 360 577 propter
381 493 465 579 quod
490 495 548 560 ltoc
571 515 634 560 non
658 496 751 561 habet
766 496 870 560 locum
883 493 914 558 in
929 495 1157 558 mathematicis

233 580 341 646 sedin
366 583 557 650 naturalibus
581 597 710 650 tantum.
734 583 892 670 Quidquid
926 582 1017 666 igitur
1052 583 1156 646 estin

234 689 267 733 τε
290 670 374 755 quod
397 691 459 736 nun
482 685 583 759 potest
605 675 750 758 cognosci
777 691 832 758 ρετ
847 672 1056 756 cognitionem
1080 672 1156 736 sub·

233 761 363 825 stantiae
385 758 464 844 ejus,
487 775 610 847 ερετιει
632 781 700 829 esse
723 761 890 828 intellectui
908 763 1057 844 ignotum.
1072 759 1156 841 Quid

233 862 337 912 autem
360 849 433 914 uelit
455 849 566 936 aliquis
580 850 695 918 -volens
719 871 782 918 non
805 865 906 937 potest
928 850 1072 933 cognosci
1098 869 1155 934 ρετ

232 937 440 1020 cognitionem
477 941 666 1005 substantiae
689 943 794 1028 ipsius;
817 960 888 1004 uam
925 937 1065 1004 uoluntas
1091 959 1156 1002 nun

231 1025 328 1090 tundit
350 1027 381 1091 in
419 1048 473 1093 sua
503 1029 595 1094 volita
630 1033 757 1096 omnino
796 1027 991 1104 naturaliter;
1025 1041 1155 1112 propter

232 1114 316 1198 quod
339 1114 533 1188 voluntasct
555 1133 662 1184 natura
686 1119 749 1184 duo
781 1118 928 1204 principia
963 1116 1058 1180 activa
1101 1136 1155 1202 pu

233 1217 357 1268 nuntur.
381 1203 448 1270 Non
471 1219 572 1292 potest
595 1209 686 1290 igitur
708 1208 818 1292 aliquis
841 1203 1012 1276 intellectus
1034 1224 1153 1288 cogno·

231 1311 317 1356 scete
340 1293 413 1379 quid
438 1297 543 1360 vulcus
565 1296 646 1375 uelit,
668 1297 726 1362 nisi
751 1297 828 1360 l'orte
851 1315 906 1382 ρετ
934 1293 1052 1379 aliquos
1076 1292 1153 1358 elle·

230 1394 307 1458 ctus;
330 1385 510 1462 sicutenim
534 1385 675 1451 uidemus
693 1385 831 1474 aliquem
870 1382 1039 1450 voluntarie
1075 1402 1152 1467 ope·

230 1484 362 1550 cantem,
384 1471 499 1538 scimus
523 1475 595 1559 quid
621 1475 763 1554 unlustig
785 1485 838 1540 aut
853 1491 908 1560 ρετ
923 1473 1152 1548 causam,sicut

224 1557 313 1625 Deus
337 1559 507 1628 voluntates
531 1579 660 1642 nostrus,
682 1567 760 1630 sicut
781 1575 812 1626 et
835 1563 911 1628 alios
933 1579 1006 1627 suos
1021 1558 1152 1628 ellectus

228 1649 384 1734 cognoscit
397 1671 451 1736 ρετ
465 1653 523 1717 ltoc
539 1652 622 1738 quod
635 1667 681 1719 cst
695 1649 1081 1728 nobiscausavolendi3aut
1095 1670 1152 1736 ρετ

229 1737 288 1801 hoc
310 1738 394 1823 quod
417 1740 526 1826 aliquis
549 1741 635 1806 alteri
658 1763 746 1807 suam
781 1741 969 1806 voluntatem
1004 1739 1151 1816 insinuat,

228 1838 261 1887 ut
284 1845 354 1890 cum
378 1825 487 1913 aliquis
510 1850 602 1894 suum
625 1830 770 1896 allectum
794 1828 952 1914 loquendo
989 1828 1146 1912 exprimit.

227 1911 305 1978 Cum
329 1915 421 2000 igitur
443 1917 538 1984 multa
561 1939 598 1984 ex
621 1920 751 2007 simplici
781 1917 838 1982 Dei
862 1916 1148 2002 vuluntatedcpen-

227 2002 330 2080 deant,
354 2018 386 2068 ut
409 2006 519 2092 partim
544 2008 815 2095 exsuperioribus
838 2006 874 2092 (l.
901 2006 933 2084 2,
948 2025 975 2070 c.
993 2005 1048 2088 17)
1061 2020 1147 2090 patet

227 2106 257 2154 et
269 2091 370 2158 adhuc
381 2097 449 2173 erit,
465 2095 596 2181 amplius
612 2098 821 2175 manifestum,
838 2095 1009 2162 intellectus
1021 2109 1147 2161 creatus
1212 2109 1213 2119 ¹

226 2180 283 2244 etsi
306 2180 362 2246 Dei
385 2184 587 2250 substantium
610 2186 723 2263 uideat,
745 2208 808 2252 non
832 2197 936 2252 tamen
965 2187 1072 2250 omnia
1094 2203 1148 2248 co-
1211 2185 1212 2270 l

226 2271 345 2351 gnoscit
368 2292 448 2357 quae
471 2273 555 2340 Deus
578 2295 742 2361 persuum
765 2275 929 2340 essentiam
953 2275 1044 2338 videt.

291 2357 395 2424 Potest
417 2376 519 2428 autem
543 2363 652 2450 aliquis
674 2380 779 2430 contra
814 2364 970 2449 praedicta
1007 2357 1146 2444 objicere

225 2447 309 2531 quod
333 2448 390 2514 Dei
411 2451 579 2518 substantia
603 2467 649 2518 est
671 2453 786 2540 aliquid
811 2451 910 2536 majus
926 2469 1019 2537 quum
1036 2450 1145 2514 omnia
1209 2531 1210 2534 Ἴ

223 2553 304 2620 qnae
327 2537 392 2624 ipse
414 2538 516 2606 lacere
551 2541 598 2606 vel
632 2543 805 2628 intelligere
843 2540 890 2606 uel
926 2538 1005 2604 uelle
1042 2551 1147 2624 potest
1209 2549 1210 2569 ¹

224 2638 347 2709 praeter
368 2628 515 2715 seipsum3
538 2631 633 2708 unde,
668 2633 693 2696 si
730 2628 903 2696 intellectus
939 2640 1061 2696 orantus
1084 2626 1143 2691 Dei
1208 2699 1209 2704 ρ

222 2713 425 2781 substantiam
449 2718 554 2784 uidere
583 2733 693 2806 potatu
729 2719 828 2786 multo
861 2718 960 2802 magis
994 2715 1144 2803 possibile
1207 2801 1208 2804 Ἴ

222 2804 373 2890 estquod
397 2807 500 2871 omnia
523 2821 689 2892 cognoscat
710 2828 790 2894 quac
812 2805 896 2874 lleus
918 2826 974 2893 ρετ
1003 2807 1142 2892 seipsum

221 2891 271 2956 ucl
293 2893 434 2978 intelligit
456 2895 504 2960 vel
527 2899 591 2962 vult
613 2898 662 2962 vel
685 2896 786 2964 lacere
804 2908 918 2983 ροιεει

288 2981 360 3062 Sed,
384 2985 409 3047 si
432 2983 596 3071 diligenter
620 2987 843 3064 consideratur,
859 3005 921 3050 nun
937 2980 1140 3068 estejusuem
1206 2961 1207 3017 l

219 3071 347 3137 rationis
370 3072 487 3158 aliquid
510 3078 655 3160 cognosci
679 3079 710 3140 in
733 3078 835 3163 seipso
857 3089 889 3140 ει
912 3075 943 3138 in
967 3091 1139 3138 suacausa.
1205 3079 1206 3167 ρ

221 3159 382 3240 Quaedam
412 3163 495 3227 enim
535 3165 565 3228 iu
588 3165 696 3251 seipsis
727 3166 769 3230 de
803 3163 882 3228 liacili
918 3161 1139 3246 cognoscibilia

219 3261 302 3326 sunt,
325 3269 405 3335 quae
429 3265 532 3318 tamen
556 3255 673 3319 insuia
696 3253 795 3320 causis
818 3273 881 3320 non
905 3250 944 3316 de
982 3249 1062 3319 lucili
1086 3270 1139 3314 co·
1202 3213 1205 3317 l

218 3353 421 3420 gnuscuntur.
445 3341 559 3407 Verum
581 3357 628 3407 est
651 3342 743 3426 igitur
765 3342 850 3428 quod
888 3339 988 3426 majus
1022 3354 1067 3404 cst
1091 3339 1137 3402 iu-

219 3424 357 3512 telligcre
380 3428 516 3494 diuinam
538 3431 738 3496 substantium
762 3451 855 3519 quam
879 3428 1029 3516 quidquid
1052 3425 1136 3492 aliud

219 3531 341 3598 praeter
363 3517 460 3602 ipsam
484 3520 567 3603 quod
590 3520 623 3584 in
645 3520 747 3606 scipso
769 3520 913 3612 cognosci
929 3532 1039 3606 potest.
1063 3517 1136 3582 Per·
1191 3513 1203 3931 ρ
