2516 3968
228 221 292 308 dliii
415 241 471 286 ιιε.
494 239 535 285 ιιι.
559 238 622 284 cnr.
646 237 747 284 cxxxi.
770 236 805 281 ιιι
829 234 937 281 cxrxrr.

201 347 204 353 ·
289 309 374 388 item,
398 307 430 375 Si
452 308 569 374 babere
592 307 793 374 substantiam
816 303 908 390 hujus
929 305 1040 372 mundi
1076 325 1145 374 ma·
1243 359 1244 384 ,

228 399 294 464 lum
317 409 373 477 est,
396 397 515 464 bonum
549 409 595 462 est
628 410 732 463 autem
765 394 922 482 proximos
955 392 1090 461 liberare
1129 418 1146 461 a
1243 455 1244 458 ,

229 487 323 566 malo,
346 487 462 552 malum
486 496 593 552 autem
612 506 665 552 eos
688 487 720 551 in
743 483 860 549 malum
888 482 1013 563 ducere,
1036 503 1150 551 conse·
1243 487 1244 494 ’

229 595 327 662 quens
349 588 395 640 cst
417 573 500 660 quod
527 576 601 640 dare
629 574 719 641 alicui
753 571 902 656 indigenti
940 571 1148 639 substantiam

230 663 325 750 hujus
349 663 455 729 mundi
472 664 509 728 sit
531 664 660 742 malum,
683 661 804 729 auferre
827 660 1070 729 autembabenti
1094 663 1149 728 bo·

231 773 306 818 num
331 754 379 830 sit;
402 752 485 838 quod
509 752 727 818 inconveniens
748 763 803 816 est.
826 748 878 814 Est
899 749 993 834 igitur
1028 749 1150 817 bonum

231 841 348 908 habere
371 841 573 908 substantiam
598 841 717 907 mundi.
741 840 816 904 Eam
839 838 931 922 igitur
953 859 1010 925 per
1039 837 1152 906 volun·
1243 859 1244 864 ¹

231 930 340 996 teriam
364 943 575 1015 paupertatem
601 929 734 995 totaliter
757 927 890 1012 abjicere
914 927 1032 993 malurn
1047 940 1106 993 est.

300 1017 474 1097 Praeterea,
498 1017 682 1085 Occasiones
705 1016 859 1083 malorum
889 1015 1031 1080 vitandae
1066 1030 1151 1082 sunt.

233 1106 284 1172 ttst
306 1119 408 1174 autem
435 1121 598 1195 paupertas
613 1107 742 1172 -oecasio
758 1105 925 1190 mellonia
941 1116 1069 1191 propter
1079 1125 1151 1170 earn

234 1194 273 1268 ad
296 1194 387 1274 furta,
410 1196 612 1274 adulationes,
635 1193 769 1282 perjuria
793 1207 823 1258 et
845 1193 893 1258 bis
915 1193 1025 1258 similia
1056 1194 1152 1280 aliqui

232 1283 434 1351 inducuntur.
454 1285 522 1350 Non
545 1297 591 1350 est
613 1282 706 1369 igitur
729 1295 891 1370 paupertas
908 1281 1080 1349 voluntarie
1103 1303 1153 1348 as·
1243 1315 1244 1364 ι

236 1373 399 1450 sumenda,
421 1373 476 1438 sed
499 1374 598 1458 magis
621 1393 661 1438 ne
684 1371 826 1437 adveniat
848 1370 980 1436 vitanda.

304 1462 452 1548 Amplius,
475 1461 552 1528 Cum
576 1461 670 1526 virtus
694 1460 839 1526 consistat
861 1459 892 1550 in
915 1459 1032 1538 medio,
1067 1471 1155 1526 utra·

238 1569 300 1635 que
323 1563 459 1616 extrema
483 1562 696 1635 corrumpunt.
721 1549 772 1614 list
794 1561 896 1614 autem
921 1549 1015 1614 virtus
1041 1547 1156 1615 libera-

238 1637 306 1703 litas
329 1639 483 1724 quaedam
503 1659 583 1725 qnae
606 1639 658 1702 dat
680 1637 781 1703 danda
804 1649 835 1701 et
856 1635 967 1702 retinet
982 1637 1157 1715 retinendc3
1243 1651 1244 1658 ’

238 1727 347 1792 ιίιὶιιιιι
370 1741 473 1793 aotam
500 1741 545 1792 est
568 1727 599 1792 in
622 1727 725 1792 miuus
749 1724 949 1805 illiberalitas,
971 1746 1050 1812 quae
1082 1728 1158 1792 reti*

239 1828 292 1880 net
315 1816 476 1882 retinenda
499 1829 529 1880 et
552 1835 613 1880 non
637 1814 808 1880 retinenda:
830 1825 876 1880 est
909 1828 1013 1880 autem
1047 1827 1079 1882 et
1114 1817 1157 1880 vi·
1243 1815 1244 1862 i

239 1904 315 1968 tium
339 1904 370 1967 in
396 1904 464 1990 plus
489 1904 572 1990 quod
596 1905 700 1970 omnia
723 1904 845 1982 dentum
868 1902 952 1988 quod
966 1902 1082 1970 iaciunt
1105 1906 1157 1990 qui
1243 1903 1244 1952 ἓ

238 1991 411 2056 voluntarie
433 2006 643 2079 paupertatem
668 1991 837 2059 assumunt.
860 1989 910 2056 list
932 2011 1006 2078 ergo
1029 1993 1091 2058 boe
1114 1993 1158 2058 vi·
1243 2009 1244 2012 ’

239 2079 352 2146 tiosum
376 2092 407 2146 et
430 2081 635 2168 prodigalitati
658 2081 767 2146 simile.

283 2168 347 2234 Hae
369 2182 472 2236 autem
495 2172 628 2235 rationes
652 2169 831 2236 auctoritate
854 2187 960 2233 sacrae
976 2167 1155 2257 Scripturas

238 2257 414 2324 confirmari
438 2259 589 2336 videntum
613 2257 843 2324 diciturenim:
866 2256 1107 2337 Mendicitatem,
1131 2271 1160 2324 ct
1243 2321 1244 2328 ,

238 2347 366 2410 diuitias
388 2366 425 2411 nc
448 2348 572 2412 dederis
594 2347 683 2412 milti:
708 2347 806 2412 trt'lrue
840 2355 959 2410 teritum
981 2347 1078 2412 victui
1093 2369 1159 2412 meo

238 2436 424 2512 accesserim
446 2457 484 2500 ne
506 2436 585 2520 forte
607 2437 740 2500 satiatus
761 2435 879 2500 illicior
902 2435 945 2498 od
973 2437 1160 2522 trepontium,
1243 2455 1244 2504 l

240 2533 270 2588 et
291 2523 407 2588 dicum:
431 2523 509 2605 Quis
532 2536 577 2590 est
602 2525 768 2589 Domitius?
790 2535 847 2588 out
861 2533 992 2610 apostate
1023 2529 1159 2612 compul-

238 2631 291 2766 35233
317 2612 404 2767 {ager
432 2627 463 2680 et
481 2615 638 2699 perjurent
670 2633 778 2678 nornen
816 2612 875 2677 Dei
906 2613 977 2695 mn,
1000 2613 1161 2693 Proverb,

287 2751 296 2782 r
341 2740 351 2752 '
377 2751 384 2768 ·

529 2839 707 2907 CAPUT
742 2839 886 2908 cxxxtt.

305 2999 451 3066 Rationes
487 2977 739 3087 impupnontinm
760 3004 969 3094 particulares
991 3006 1103 3072 modos

509 3090 632 3154 uiuendi
657 3089 690 3152 in
712 3103 911 3176 paupertate.

307 3228 433 3296 Videtur
456 3240 560 3294 eutem
584 3229 661 3295 haee
684 3231 823 3316 quaestio
842 3231 944 3319 'magis
984 3251 1108 3318 urgere,
1142 3237 1166 3301 si

241 3317 311 3405 quis
332 3317 493 3404 specialius
515 3331 683 3404 exequatur
708 3320 817 3385 modos
845 3321 956 3406 quibus
979 3341 1107 3388 necesse
1123 3337 1169 3389 est

243 3409 347 3473 uiuere
369 3427 422 3472 eos
445 3407 497 3491 qui
520 3406 725 3472 voluntariam
750 3419 964 3495 paupertatem
998 3421 1166 3477 sectantur.

311 3493 361 3558 Est
376 3495 459 3559 anim
482 3515 562 3560 unus
585 3495 695 3562 modus
711 3497 841 3578 vivendi,
856 3496 939 3585 quod
955 3499 1167 3586 possessiones
