2514 3972
220 217 285 290 '592
406 243 462 289 nn.
488 243 529 288 ur.
554 241 617 288 aar.
641 241 737 290 oxxrx.
763 241 799 287 ar
822 241 907 288 cxxx.

220 325 282 378 tem
306 331 324 376 e
346 313 500 378 contrario
523 332 556 378 se
580 310 695 378 habent
724 323 795 378 sunt
816 312 846 377 ei
880 309 1060 379 naturaliter
1088 311 1136 378 io·
1249 329 1250 342 ¹

218 401 443 468 convenientia.
468 399 634 466 Ostensum
657 414 702 467 est
718 413 821 466 autem
844 421 939 484 supra
974 405 1014 489 (e.
1056 399 1135 483 tta)

218 489 302 575 quod
325 490 420 556 homo
443 489 621 555 naturaliter
643 490 801 556 ordinatur
823 489 854 554 in
876 489 979 554 Deum
1000 488 1081 560 siout
1104 491 1138 554 in

218 577 323 644 finem.
346 579 387 646 Ea
411 579 503 663 igitur
525 578 637 664 quibos
661 579 755 644 horno
777 577 933 643 inducitur
959 577 992 643 in
1027 579 1137 663 cogni·

217 667 334 732 tionem
357 683 387 734 et
410 679 549 732 amorem
572 667 630 732 Dei
653 680 724 734 sunt
740 666 920 732 naturaliter
934 679 1138 754 recta;quae·
1249 687 1250 734 t

217 775 352 843 eumque
383 775 456 821 vero
479 775 497 820 e
520 756 674 821 contrario
697 777 730 822 se
753 755 867 820 habent
890 768 961 821 sunt
988 757 1138 822 naturali·
1249 749 1250 768 ¹

217 857 265 909 ter
295 845 413 910 homini
436 845 526 910 mala.
550 844 636 910 Patet
658 845 750 930 igitur
770 843 853 930 qood
876 843 994 909 bonum
1017 858 1048 910 et
1071 865 1139 910 ma·

217 932 294 1013 lum,
327 934 356 998 in
380 935 523 1018 humanis
545 933 673 1012 actibus,
695 953 758 998 non
786 932 887 998 solum
920 944 992 998 sunt
1025 954 1139 1000 secun·

217 1021 293 1088 dum
316 1022 392 1106 lagia
415 1023 609 1109 positionem,
632 1023 686 1088 sed
709 1023 801 1088 etiam
824 1021 995 1087 seeundum
1010 1035 1138 1088 natura·

216 1111 277 1175 lem
302 1111 453 1176 ordinem.

157 1275 159 1279 ¹
269 1199 345 1264 Hino
367 1214 413 1266 est
436 1199 518 1286 quod
542 1199 653 1265 dieitur
674 1197 756 1285 quod
771 1199 895 1280 juditio
918 1197 1044 1263 Domini
1066 1212 1139 1264 sunt

216 1309 301 1364 vern,
317 1291 490 1374 justificato
511 1290 544 1353 iu
566 1289 748 1371 semetipsis,
772 1287 885 1352 Psatm.
913 1287 964 1365 18,
988 1288 1040 1352 to.

285 1378 343 1444 Per
367 1379 426 1445 hoo
438 1392 542 1444 autem
555 1377 727 1442 excluditur
750 1376 860 1462 positio
872 1376 1038 1441 dicentium
1052 1375 1139 1463 quod

213 1466 301 1553 juata
323 1481 354 1533 et
375 1481 458 1534 reeta
480 1478 551 1532 sunt
574 1465 746 1532 seeundum
771 1465 874 1551 legem
898 1465 996 1553 posita
1019 1465 1083 1551 (i).

518 1639 613 1708 utu
629 1639 692 1707 UT
726 1639 843 1706 CXXX.

320 1821 368 1885 De
390 1818 526 1884 eontiiiia
548 1837 627 1902 quoe
648 1817 765 1883 duntur
786 1819 820 1883 in
836 1819 899 1902 tuoe
914 1816 1033 1884 divion.

174 2069 176 2074 ¹
211 2067 214 2076 ¹
286 1995 365 2078 Quia
389 2015 462 2061 vero
485 1995 635 2080 optimum
659 1992 795 2060 hominis
818 2008 863 2060 est
887 2009 920 2063 ut
943 2007 1047 2062 mente
1069 1994 1139 2062 Deo

196 2083 384 2150 'adhaereat
406 2097 436 2148 et
459 2083 552 2150 rebus
578 2083 701 2160 divinis,
724 2083 916 2170 impossibile
955 2099 1056 2152 autem
1092 2096 1140 2150 est
1249 2145 1250 2148 ,

218 2173 302 2261 quod
325 2174 420 2240 homo
436 2172 561 2240 'intense
584 2173 665 2238 eirea
689 2169 809 2237 diversa
833 2187 1012 2262 occupetur,
1025 2171 1063 2238 ad
1077 2171 1140 2238 hoe

218 2263 300 2350 quod
324 2263 450 2329 liberius
473 2259 587 2326 seretur
611 2261 642 2326 in
666 2259 767 2326 Deum
792 2281 879 2328 mens
903 2262 1038 2328 hominis
1060 2261 1140 2326 dan-

218 2365 267 2418 tur
290 2352 321 2414 in
344 2351 446 2415 diviua
470 2349 537 2434 iege
561 2348 699 2424 consilia,
722 2349 834 2435 quibus
860 2352 1003 2417 homiues
1026 2349 1066 2414 ab
1089 2370 1141 2415 oo-

217 2439 430 2526 oupationibus
454 2439 622 2524 praesentis
635 2437 724 2516 vitae,
748 2453 899 2524 quantum
922 2438 1069 2528 possibile
1081 2451 1140 2514 est,

218 2527 423 2603 retrahantur,
457 2540 611 2592 terrenam
647 2526 741 2591 vitam
779 2541 916 2612 agentes.
946 2529 1012 2594 Hoo
1035 2540 1140 2592 autem

217 2637 282 2683 non
312 2630 356 2682 est
385 2616 426 2681 ita
450 2617 660 2681 necessarium
696 2615 814 2680 homini
849 2617 888 2683 ad
922 2617 1071 2702 justitiam
1107 2628 1143 2681 ut

220 2707 285 2772 sine
297 2704 461 2790 enjustitia
475 2723 543 2769 ease
557 2723 618 2768 non
632 2703 738 2788 possit3
751 2725 813 2769 non
826 2707 909 2772 enim
922 2707 1016 2770 virtus
1039 2718 1075 2770 et
1089 2702 1143 2789 ju-

220 2795 298 2861 stitia
316 2793 431 2859 tollitur
445 2795 470 2858 si
483 2792 576 2858 homo
589 2791 762 2856 seeundum
774 2795 914 2859 ordinem
928 2793 1055 2860 rationis
1071 2812 1142 2858 eor·
1249 2817 1250 2878 i

220 2882 377 2971 paratibus
389 2895 419 2947 et
435 2881 1144 2968 terrenisrebusutatur:etideohujusmodidi-
1249 2879 1250 2924 i

219 2974 310 3038 vinae
321 2971 397 3056 legis
410 2970 633 3035 admonitiones
642 2969 784 3035 dicuntur
794 2972 969 3050 contitinet
980 2989 1144 3057 nauprae-

220 3061 360 3149 ceptam
374 3073 522 3146 quantum
535 3057 681 3123 suadetur
696 3058 814 3124 homini
829 3075 864 3125 ut
873 3076 998 3148 propter
1011 3060 1143 3125 meliora

221 3151 323 3218 minus
346 3149 427 3215 bona
444 3147 673 3234 praetermittat.
686 3144 861 3236 Occupatur
877 3162 981 3216 autem
1004 3149 1143 3214 humana

221 3236 1144 3317 sollicitudo,seeundumeornmunemmodumhumanaevi-

272 3380 314 3504 ἕ)
332 3377 409 3432 insta
427 3383 451 3430 et
469 3383 540 3429 reeta
557 3381 619 3429 suoi
636 3375 775 3428 rotundum
789 3377 870 3448 leuem
879 3380 975 3446 potita.
994 3405 1030 3417 -
1047 3375 1148 3430 intelli-

221 3457 431 3578 {Xiudtdssmum
453 3456 514 3501 sunt
528 3448 599 3518 justa
618 3452 644 3498 et
662 3453 732 3500 reeta
750 3464 817 3518 quae
835 3466 850 3502 a
867 3450 924 3518 lego
940 3449 1052 3532 positiva
1065 3463 1145 3520 prae·
1249 3475 1250 3570 1

245 3541 262 3594 P
354 3556 362 3575 ·
1249 3571 1250 3574 ,
