2462 3968
381 271 438 316 un.
462 272 502 316 m.
526 270 589 316 cte.
614 269 690 316 ran.
938 253 1001 318 197

71 339 239 408 calefactio
263 349 394 419 tantum,
416 357 516 426 neque
532 361 569 405 ert
586 342 704 406 semine
719 337 852 404 hominis
864 341 1003 428 sequitur

71 430 239 516 generatio
263 429 320 495 nisi
335 429 478 494 hominis.
492 429 559 494 Non
575 449 650 514 ergo
665 428 825 493 causalitas
838 429 1004 496 effectuum

71 520 264 586 inferiorum
288 531 335 584 est
357 519 397 584 ita
432 517 626 585 attribuenda
650 517 772 606 divinae
795 518 897 583 virtuti
920 518 1005 606 quod

72 609 280 676 subtrahatur
303 607 465 672 causaliter
488 607 669 672 inferiorum
693 605 861 692 agentium.
928 662 930 668 .

138 699 234 775 item,
260 709 366 776 contra
389 698 539 762 rationem
574 696 742 782 sapientiae
764 709 809 760 εει
834 708 866 760 ιιι
888 696 927 761 sit
950 697 1002 762 ali·

72 787 146 872 quid
170 785 292 852 frustra
316 787 346 851 in
377 785 522 872 operibus
559 785 715 872 sapientis.
749 784 781 849 Si
817 789 921 850 antem
956 807 1006 853 reo

70 890 197 942 creatae
223 875 310 940 nullo
350 875 444 939 modo
468 890 636 962 operentur
669 873 708 939 ad
732 875 857 940 effectus
891 875 1006 961 protlu·

71 966 203 1044 candos,
228 964 284 1030 sed
308 963 391 1030 solus
415 963 497 1028 Deus
520 977 666 1050 operetur
688 964 792 1028 omnia
816 963 1005 1043 immediate,

71 1053 187 1119 frustra
215 1066 321 1120 essent
354 1052 509 1117 adhibitae
542 1053 582 1118 ah
606 1053 672 1138 ipso
695 1052 774 1117 aliae
797 1073 847 1117 res
870 1053 908 1118 ad
934 1073 1006 1139 prc-

73 1142 241 1209 tluccndos
264 1143 399 1208 effectus.
423 1142 584 1230 Repugnat
605 1143 698 1227 igitur
720 1142 876 1228 praedicta
893 1143 1003 1230 positio

73 1231 199 1298 divinae
227 1232 406 1319 sapientiae.

142 1322 269 1398 Adhuc,
293 1319 383 1403 Quod
407 1318 459 1384 dat
482 1319 571 1385 alicui
595 1318 719 1404 aliquod
751 1319 919 1406 principale
952 1319 1005 1384 dat

75 1409 180 1476 eidem
207 1410 313 1475 omnia
348 1428 429 1496 quac
463 1423 697 1494 consequuntur
730 1408 768 1472 ad
804 1409 892 1484 illud,
926 1409 1005 1474 sicut

77 1519 170 1564 causa
196 1519 281 1585 quae
308 1498 359 1563 dat
386 1497 508 1584 corpori
538 1497 718 1562 elementari
749 1498 928 1580 gravitatem
953 1497 1007 1562 det

76 1588 104 1651 ei
131 1602 259 1654 motum
283 1587 439 1652 deorsum.
463 1587 576 1652 Facere
600 1599 701 1652 autem
719 1585 833 1671 aliquid
850 1601 918 1652 actu
934 1607 1007 1652 con-

76 1677 222 1762 sequitur
247 1676 369 1760 adhoc
392 1676 475 1761 quod
511 1690 647 1740 estesse
686 1689 767 1752 actu,
804 1689 837 1740 ut
871 1687 954 1762 patet
975 1675 1008 1739 in

78 1763 156 1844 lle03
180 1766 250 1852 ipsc
274 1765 357 1830 enirn
381 1778 427 1828 cst
450 1778 535 1831 actus
559 1785 654 1851 purus
678 1777 708 1829 ει
731 1776 777 1828 εει
798 1765 898 1852 prima
914 1785 1007 1830 eausa

79 1854 203 1919 essendi
231 1853 389 1932 omnibns,
413 1865 446 1918 ut
475 1875 569 1940 snpra
608 1859 623 1933 (
638 1855 658 1920 l.
695 1855 724 1932 l,
749 1873 774 1918 c.
813 1853 854 1920 l0
889 1866 920 1918 ει
956 1853 1009 1931 tn,

81 1940 100 2005 l.
115 1942 146 2018 2,
170 1963 197 2008 o.
226 1943 284 2029 lh)
308 1942 424 2008 dietum
448 1956 503 2010 εει.
521 1943 552 2008 Si
565 1943 658 2028 igitur
681 1942 919 2032 communicavit
942 1942 1008 2007 aliia

82 2031 322 2097 similitudinem
345 2053 434 2097 suam
468 2032 680 2120 quantum‘cd
712 2052 792 2107 esse,
826 2033 1010 2118 inquantum

83 2121 187 2184 resin
213 2141 282 2186 csse
305 2121 459 2207 produxit,
482 2140 674 2206 consequens
697 2135 742 2186 est
764 2120 848 2206 quod
868 2139 1009 2185 commu·

83 2207 196 2274 uicerit
220 2210 266 2276 eis
289 2209 521 2276 similitudinem
557 2229 645 2274 suam
669 2225 819 2296 quantum
842 2208 881 2274 cd
904 2227 1007 2294 agere,

83 2310 117 2361 ut
138 2298 236 2364 etiam
265 2317 314 2363 res
337 2313 457 2364 creatae
481 2299 616 2364 habeant
639 2299 777 2386 proprias
801 2299 946 2364 actiones.

153 2386 307 2474 Amplius,
330 2387 480 2453 Persectio
503 2387 628 2453 allectus
644 2386 829 2452 determinat
845 2387 1006 2474 perlectio-

72 2487 157 2540 nem
181 2495 307 2553 causae,
330 2476 429 2562 major
451 2477 534 2542 enim
560 2477 654 2542 virtus
677 2474 891 2562 perfectiorem
930 2475 1003 2542 elle-

89 2576 170 2630 ctum
195 2565 323 2642 inducit.
347 2565 430 2631 Deus
446 2579 548 2632 autem
565 2577 611 2631 εει
627 2564 883 2651 perfectissimum
899 2585 1005 2650 ageas.

88 2648 218 2738 Oportet
241 2653 333 2738 igitur
355 2655 439 2741 quod
462 2675 511 2720 res
535 2655 573 2720 ah
603 2655 673 2740 lpsc
700 2666 820 2720 creatae
843 2655 1005 2740 perlectio-

89 2759 159 2806 nem
183 2743 224 2809 eb
248 2763 286 2808 eo
308 2755 546 2830 consequantur.
586 2743 756 2808 Detrahere
794 2763 869 2827 ergo
906 2741 1007 2828 perle-

89 2829 181 2896 ctioni
205 2845 416 2898 creaturarum
441 2845 487 2896 εει
510 2830 672 2896 detrahere
692 2831 871 2917 perfectioni
885 2830 1007 2898 divinae

90 2918 216 2987 virtutis.
240 2920 314 2999 Sed,
336 2920 361 2985 si
385 2919 468 2985 nulla
492 2932 632 2986 uectura
656 2920 749 2986 habet
765 2921 899 3006 aliquam
914 2921 1009 2987 actio·

92 3024 163 3072 nem
186 3009 225 3074 ad
249 3009 384 3095 aliquem
415 3009 560 3074 ellectum
596 3008 843 3095 producendum,
877 3009 1010 3075 multum

93 3092 263 3163 detrahitur
285 3097 463 3185 perfectioni
487 3111 655 3162 creaturae:
672 3118 709 3162 ex
726 3097 911 3164 abundantia
927 3099 1012 3163 enim

93 3184 287 3264 perfectionis
324 3199 370 3252 εει
407 3186 490 3273 quod
530 3186 751 3273 perlectionem
790 3207 883 3273 quam
908 3187 1013 3253 ‘hahet

94 3273 186 3353 possit
209 3275 295 3341 alteri
317 3277 561 3343 communicare.
584 3276 726 3341 Detrahit
750 3274 842 3359 igitur
865 3275 940 3340 haec
956 3297 1012 3364 po·
1123 3277 1127 3286 ⁴

96 3359 163 3427 sitio
185 3363 308 3431 diuinae
332 3365 444 3430 virtuti.

159 3451 245 3532 item,
269 3453 354 3519 Sicut
388 3467 433 3519 est
455 3453 529 3520 boni
553 3453 670 3520 bonum
694 3453 805 3532 lacere,
833 3451 873 3517 ita
897 3455 1010 3520 summi

96 3531 165 3606 honi
189 3557 235 3618 est
257 3541 373 3633 aliquid
399 3542 515 3631 optime
556 3542 666 3610 lacere.
700 3543 786 3611 Deus
823 3555 927 3610 autem
964 3557 1014 3612 est
