2514 3972
426 261 482 306 ιιι.
506 259 547 306 ιιι.
571 257 635 307 etr.
660 259 736 306 cxxx.
972 231 1032 301 561

112 331 230 410 divlna,
266 331 344 399 sicut
382 329 614 419 prostrationes,
648 325 894 416 genuflexiones,
917 326 1038 395 vocales

114 421 269 488 clamores
299 433 328 487 ει
352 432 468 486 oarrtus:
493 440 573 507 quae
596 439 659 484 non
682 419 760 484 fiunt
782 415 869 503 quasi
891 416 976 484 Deus
990 417 1039 484 bis

114 510 264 596 indigeat,
301 509 373 596 quia
412 508 516 574 omnia
557 509 643 595 novit
666 520 696 574 et
719 505 806 593 cujus
829 505 971 572 voluntas
994 520 1040 572 est

114 598 319 666 immutabilis
341 613 371 664 et
394 598 446 684 qui
472 597 613 664 allectum
638 596 750 662 mentis
773 595 908 686 etetiam
919 607 1040 661 motum

115 689 257 776 corporis
282 707 345 754 non
370 699 496 776 propter
519 706 552 752 se
576 698 712 773 acceptu
735 684 790 751 sed
824 696 950 772 propter
982 702 1040 750 nos

114 777 257 856 facimus,
280 790 314 842 ut
336 776 492 864 perbaeo
503 775 659 841 sensibilia
676 793 769 861 opera
782 773 911 840 intentio
933 785 1039 840 nostra

114 866 266 952 dirigatur
304 866 335 932 in
373 865 475 931 Deum
514 876 545 929 et
583 864 703 930 allectio
726 862 922 942 accendatur3
945 861 1039 930 simul

115 955 208 1020 etiam
233 974 288 1042 per
311 955 370 1020 boc
392 955 493 1020 Deum
518 953 701 1040 profitemur
724 953 847 1018 animae
859 965 889 1019 ει
901 953 1039 1040 eorporis

116 1057 286 1120 auctorem,
310 1044 359 1110 cui
383 1056 414 1110 ct
436 1043 605 1132 spiritualia
629 1055 660 1108 et
686 1041 859 1130 corporalia
892 1041 1040 1129 obsequia

116 1133 321 1200 exihibemus.
437 1167 439 1172 ·

183 1222 313 1309 Propter
336 1220 394 1288 boc
433 1233 569 1287 nonest
606 1219 720 1286 mirum
756 1218 782 1285 si
818 1217 963 1286 baeretici
987 1220 1040 1306 qui

116 1313 257 1397 eorporis
279 1312 375 1377 nostri
390 1311 492 1376 Deum
510 1329 577 1376 esse
601 1322 850 1393 auctorenegant
862 1308 1040 1394 hujusmodi

119 1399 291 1486 corporalia
321 1400 469 1486 obsequia
486 1399 553 1464 Deo
576 1399 644 1464 fieri
663 1397 904 1485 reprehendunt.
922 1398 956 1463 ln
978 1417 1041 1485 quo

115 1491 208 1556 etiam
230 1502 378 1577 apparent
401 1488 484 1576 quod
505 1508 539 1553 sc
574 1487 718 1554 homines
752 1506 820 1552 esse
843 1507 906 1552 non
929 1487 1041 1552 merni-

114 1590 249 1657 nerunt,
287 1578 362 1644 dum
400 1576 591 1643 sensibilium
627 1576 685 1642 sibi
722 1575 1037 1662 repraesentationem

116 1667 321 1734 necessariam
361 1687 422 1732 non
459 1665 598 1751 judicant
635 1665 675 1730 ad
712 1664 890 1730 interiorem
933 1665 1042 1750 cogni-

118 1755 235 1820 tionem
253 1767 284 1821 et
319 1756 523 1830 allectionem
546 1775 619 1820 nam
642 1755 855 1840 experimento
889 1766 1040 1842 apparent

119 1843 204 1930 quod
227 1863 283 1932 per
305 1844 481 1930 corporales
504 1857 589 1908 actus
612 1843 714 1909 anime
738 1842 886 1908 excitatur
923 1841 962 1908 ad
985 1842 1041 1909 ali·

119 1953 213 2018 quam
238 1935 446 2019 cognitionem
471 1933 519 1998 vel
542 1931 748 2010 allectionem
788 1931 874 1998 unde
912 1931 1043 1998 manile·

118 2035 201 2087 stum
224 2036 270 2088 est
292 2023 511 2089 convenienter
538 2023 631 2087 ctiam
665 2019 880 2107 corporalibus
915 2019 1042 2104 quibus·

117 2109 190 2176 dam
209 2131 265 2176 uos
277 2113 321 2177 uti
334 2110 373 2177 ad
389 2111 500 2176 mentis
513 2124 635 2187 nostrae
658 2110 860 2176 elevationem
879 2108 910 2174 in
927 2109 1041 2176 Deum.

187 2199 219 2264 ln
244 2200 291 2266 bis
315 2212 418 2266 autem
442 2197 654 2286 corporalibus
678 2199 746 2264 Deo
770 2196 952 2264 exhibendis
976 2199 1042 2265 cul·

119 2301 169 2354 tus
191 2289 249 2354 Dei
272 2289 439 2356 consistere
462 2288 583 2354 dicitur.
607 2287 660 2352 llla
683 2288 768 2352 enim
791 2287 893 2354 colere
909 2285 1042 2354 dicimur

111 2377 233 2462 ,quibus
256 2398 311 2464 per
335 2391 438 2444 nostra
462 2397 556 2463 opera
579 2375 715 2442 studium
740 2375 940 2453 adhibemus;
961 2377 1042 2443 circa

119 2466 224 2532 Deum
247 2480 351 2532 autem
376 2466 560 2532 adhibemus
583 2464 719 2531 studium
755 2479 861 2531 nostro
885 2478 956 2532 actu
978 2485 1043 2531 non

119 2555 249 2640 quidem
272 2569 305 2620 ut
327 2553 526 2642 proficiamus
549 2553 577 2620 ei
602 2555 680 2619 sicut
704 2573 774 2620 cum
799 2553 874 2620 alias
896 2573 948 2620 rcs
970 2575 1043 2621 nos-

120 2644 176 2709 tris
200 2644 346 2732 opcribus
369 2643 473 2709 colere
496 2644 639 2720 dicimur,
663 2642 717 2708 sed
740 2640 813 2728 quia
846 2662 904 2729 per
937 2642 1044 2730 hujus-

121 2732 208 2800 modi
232 2746 316 2798 actus
340 2732 518 2819 proficimus
542 2733 572 2798 in
596 2732 709 2797 Deum.
733 2731 778 2808 Fr,
805 2733 876 2816 quia
903 2751 961 2818 per
998 2733 1044 2798 iu·
1141 2742 1143 2748 '

122 2822 251 2888 teriones
274 2833 360 2888 aetus
383 2821 499 2887 directe
521 2822 552 2886 in
577 2821 678 2886 Deum
714 2819 880 2898 tendimus,
903 2819 976 2886 ideo
997 2821 1045 2886 in-

120 2911 286 2978 terioribus
309 2910 426 2977 actibus
449 2910 573 2997 proprie
595 2909 696 2974 Deum
720 2907 926 2987 colimus3sed
941 2921 1046 2975 tamen

121 3014 153 3065 et
189 2999 355 3066 exteriores
392 3011 478 3065 actus
516 2998 555 3064 ad
578 2997 695 3063 cultum
718 2997 787 3077 Dei,
822 2996 976 3084 pertinent
997 2998 1045 3064 in-

69 3089 74 3100 “
124 3101 274 3174 ιριειιιιιιιι
298 3108 354 3175 ρει
381 3087 560 3174 hujusmodi
585 3099 669 3152 octus
697 3106 786 3152 mens
809 3099 912 3152 nostra
946 3085 1047 3154 eleva-

123 3189 174 3242 tur
197 3177 228 3241 in
250 3177 363 3255 Deum,
387 3190 421 3241 ut
443 3176 558 3242 dictum
583 3187 638 3240 est.
1063 3187 1065 3194 '

113 3305 116 3310 ,
191 3265 268 3332 Hinc
291 3278 337 3331 est
371 3265 455 3351 quod
491 3265 548 3330 Dei
582 3265 683 3330 cultus
716 3261 824 3349 religio
859 3260 1048 3344 nominatur,

125 3353 199 3439 qnia
231 3352 411 3439 hujusmodi
446 3353 564 3419 actibus
597 3351 851 3438 quoddammodo
885 3350 980 3416 bomo
1014 3374 1048 3419 se

125 3442 200 3527 ligat
224 3457 258 3508 ut
281 3443 319 3508 ab
336 3458 381 3509 'eo
405 3463 469 3508 non
492 3457 648 3525 evagetur,
671 3455 702 3507 et
716 3443 788 3529 qula
805 3441 896 3508 etiam
912 3440 1048 3527 quodam

124 3531 259 3600 naturali
282 3532 427 3600 instinctu
450 3551 483 3598 se
514 3531 686 3619 obligatum
719 3531 811 3598 scutit
833 3529 902 3597 Deo
937 3542 969 3597 ut
991 3550 1048 3596 suo
