2514 3972
426 249 483 293 uro.
508 247 548 294 ιιι.
571 247 635 294 ιιι.
658 247 744 296 cxxx.
976 223 1041 292 395

124 327 184 396 tae,
195 336 268 404 erga
278 315 344 385 tria:
355 314 460 384 Primo
472 317 697 403 quidem,circa
706 313 1045 404 propriampersouam‚

125 405 200 492 quid
216 421 286 493 egat
301 419 353 472 aut
374 406 427 472 ubi
444 419 652 483 conversatum
674 405 811 472 secundo
836 413 949 478 autem,
962 404 1042 469 circa

124 515 273 581 personas
288 495 348 562 sibi
360 496 548 580 conjunctas,
574 495 739 582 praecipue
761 511 889 560 uxorem
907 505 937 556 et
952 490 1042 570 fitius

124 585 215 650 tertio
237 584 317 651 ciroa
332 604 381 650 res
392 584 559 650 exteriores
582 583 789 670 procurandas
812 580 924 668 quibus
946 579 1041 646 homo

124 669 243 759 indiget
265 671 304 738 ad
326 674 576 739 sustentationem
590 673 678 738 ritae.
692 672 738 738 Ad
751 667 969 758 amputandam
987 667 1044 753 igi·

127 775 180 826 tur
200 761 436 828 sollicitudinem
460 761 539 826 circa
562 781 611 827 res
633 761 811 836 exteriores,
832 759 923 824 datur
944 756 1043 822 homi·

126 851 160 915 ni
184 851 215 916 in
239 849 307 935 lege
330 851 431 916 divina
454 850 616 916 consilium
639 851 840 937 paupertatis,
863 859 897 915 ut
928 845 1044 911 scilicet

127 958 179 1006 res
201 939 293 1025 hujus
315 940 423 1006 mundi
447 939 578 1023 abjiciat,
602 938 713 1025 quibus
737 939 858 1006 animus
881 933 1042 1021 ejussotti-

132 1028 268 1094 citudiue
291 1027 392 1116 aliqua
417 1028 566 1115 implicari
590 1041 704 1114 posoet3
726 1027 799 1093 hinc
820 1024 966 1113 estquod
982 1022 1058 1115 ”⁰1

128 1118 232 1182 miuus
255 1116 339 1182 dicit:
371 1116 405 1183 st
437 1119 485 1182 vr's
517 1117 674 1203 perfectus
711 1137 786 1196 ecre,
822 1117 912 1194 code,
949 1113 1045 1180 cende

126 1227 208 1291 quor
232 1205 336 1286 dobes,
361 1218 390 1270 ct
412 1206 455 1271 do
477 1205 709 1292 pauperibus...,
728 1208 838 1272 etcerti
852 1221 1045 1290 sequererne,

126 1296 245 1372 Matth,
270 1297 322 1374 tit,
344 1296 397 1362 ii.
421 1293 466 1359 ad
490 1293 710 1382 amputandam
736 1308 838 1362 autem
865 1290 1044 1361 sollicitudi-

127 1404 200 1452 nem
224 1385 327 1450 uxoris
350 1397 380 1450 ιι
403 1383 548 1461 filiorum,
571 1382 661 1448 datur
684 1385 802 1450 homini
819 1382 980 1450 consilium
1004 1378 1044 1444 de
1156 1449 1162 1458 ,

130 1473 304 1559 uirginitate
326 1473 375 1538 rel
398 1472 596 1548 continentia;
631 1472 703 1539 hinc
730 1485 777 1538 est
804 1473 887 1560 quod
925 1470 1046 1535 dicitur:

131 1561 179 1628 Dc
200 1561 369 1647 cirpinibus
392 1572 495 1627 autem
516 1567 714 1645 pracceptum
723 1561 849 1627 Domini
861 1583 920 1628 oca
937 1560 1047 1631 taceo,-

130 1652 293 1716 consitium
325 1662 427 1716 cutem
450 1651 501 1728 do,
536 1650 550 1715 i
579 1647 659 1727 Cor„
683 1652 714 1724 7,
740 1650 794 1727 um
817 1664 847 1716 et
869 1648 1046 1737 hujusmodi

130 1739 249 1806 consilii
272 1739 423 1829 rationem
447 1739 616 1823 assignans,
638 1739 750 1805 subdit:
783 1738 843 1820 Qui
864 1740 930 1804 ciac
952 1759 1047 1806 rmore

131 1839 179 1897 est
202 1829 354 1894 sollicitus
377 1845 423 1893 est
444 1847 523 1912 quoe
549 1827 676 1892 Domini
697 1840 779 1906 suot,
801 1829 951 1912 quomodo
974 1831 1048 1916 pio-

130 1927 202 1982 oeot
223 1917 298 1982 Deo.
324 1919 383 1998 Qud
406 1927 507 1982 cutem
530 1936 599 1981 oum
620 1935 715 1982 coorc
738 1927 783 1983 est
815 1918 965 1983 eoiiieitus
1002 1929 1048 1984 ιιι

130 2026 211 2092 quac
232 2017 304 2072 sont
325 2007 443 2082 muudi,
465 2005 616 2090 quomodo
637 2006 862 2088 pioccotueori
877 2017 906 2071 ιι
928 2007 1047 2074 diuisos

131 2107 189 2168 eet,
225 2095 239 2160 i
268 2093 348 2174 Cor,
371 2096 402 2170 7,
425 2093 534 2160 stes.
566 2092 610 2158 Ad
634 2093 854 2181 amputandum
871 2096 1051 2162 autemsoi·

130 2183 325 2250 licitudinem
359 2182 493 2248 hominis
529 2182 622 2246 etiam
659 2184 738 2248 circa
773 2183 920 2270 scipsum,
959 2184 1049 2250 datur

130 2270 296 2338 consilium
313 2271 517 2348 obedientiae,
531 2291 690 2356 perquam
705 2272 801 2337 homo
814 2271 1047 2358 dispositionem

131 2381 261 2426 suorum
284 2374 407 2426 actuum
431 2358 593 2425 committit
615 2360 778 2444 superiori3
801 2368 926 2448 propter
963 2361 1047 2448 quod

130 2449 255 2514 dicitur:
282 2448 405 2514 Obcde'tc
425 2448 612 2532 praepositio
635 2450 746 2514 cestris
768 2459 797 2514 ct
819 2448 971 2535 subjacete
994 2451 1048 2515 cis.

134 2537 201 2620 Ipsi
223 2537 303 2602 enim
324 2539 520 2622 percipiunt,
550 2535 640 2620 quasi
661 2538 814 2603 rationem
844 2559 906 2624 pro
928 2539 1050 2606 artimo-

137 2626 193 2692 dos
214 2627 324 2691 caetris
346 2625 511 2703 reddituri,
534 2624 637 2702 Hebr,
663 2623 785 2702 1217.

204 2714 282 2796 Quia
306 2735 379 2780 vero
401 2735 523 2780 summa
546 2711 697 2800 perfectio
731 2712 887 2781 humanae
916 2715 997 2782 vitoe
1018 2715 1051 2781 in

134 2803 197 2868 hoc
219 2805 355 2868 consistit
377 2803 460 2890 quod
483 2822 571 2868 mens
604 2801 738 2868 hominis
771 2803 839 2868 Deo
875 2817 973 2886 vacet,
1011 2804 1051 2870 ad

136 2893 218 2958 hanc
241 2903 345 2958 eutem
368 2892 479 2956 mentis
503 2890 693 2957 vacationem
718 2890 871 2976 praedicta
895 2893 952 2958 tria
986 2913 1052 2959 ma·

136 2980 220 3047 xime
243 2980 385 3048 uidentur
407 2979 581 3070 disponere,
604 2980 824 3044 convenienter
857 2979 896 3046 ad
934 2980 1052 3066 periec-

139 3069 231 3134 tionis
253 3081 365 3135 statum
404 3069 557 3155 pertinere
595 3066 749 3146 videntur,
771 3088 834 3133 uon
857 3069 944 3155 quasi
967 3071 1052 3157 ipsae

138 3158 200 3223 sint
216 3156 428 3245 perfectiones,
450 3155 505 3221 sed
528 3155 599 3243 quia
622 3169 694 3221 suut
717 3155 932 3242 dispositiones
959 3177 1052 3240 quae·

140 3246 213 3311 dam
237 3244 276 3311 ad
299 3246 529 3333 perfectionem,
551 3263 631 3330 quae
653 3245 788 3310 consistit
810 3245 842 3309 iu
877 3244 937 3311 hoc
969 3247 1053 3334 quod

140 3334 209 3401 Deo
231 3349 364 3401 vacetur.
387 3334 423 3400 Et
445 3335 503 3399 hoc
526 3353 668 3420 expresse
691 3334 857 3400 ostendunt
879 3333 977 3400 rerba
992 3334 1054 3400 Do·

141 3423 217 3488 miui
243 3435 451 3510 paupertatem
475 3421 641 3498 suadentis,
664 3441 734 3486 cum
759 3421 842 3488 dicit:
868 3421 901 3488 st
922 3423 1054 3507 oicper·

143 3512 240 3600 scotus
264 3533 338 3594 esso,
360 3511 450 3589 cade,
472 3511 567 3578 vende
589 3529 666 3597 quac
689 3509 792 3593 tates,
815 3521 845 3580 et
876 3511 919 3579 do
938 3531 1054 3600 paupe·
