<?xml version="1.0" encoding="UTF-8"?>
<!DOCTYPE html PUBLIC "-//W3C//DTD XHTML 1.0 Transitional//EN"
    "http://www.w3.org/TR/xhtml1/DTD/xhtml1-transitional.dtd">
<html xmlns="http://www.w3.org/1999/xhtml" xml:lang="en" lang="en">
 <head>
  <title>
</title>
<meta http-equiv="Content-Type" content="text/html;charset=utf-8" />
  <meta name='ocr-system' content='tesseract 3.04.00' />
  <meta name='ocr-capabilities' content='ocr_page ocr_carea ocr_par ocr_line ocrx_word'/>
</head>
<body>
  <div class='ocr_page' id='page_1' title='image "./sanctithomaeaqu00thomgoog_0404.png"; bbox 0 0 2516 3968; ppageno 0'>
   <div class='ocr_carea' id='block_1_1' title="bbox 116 243 1033 422">
    <p class='ocr_par' dir='ltr' id='par_1_1' title="bbox 116 243 1033 422">
     <span class='ocr_line' id='line_1_1' title="bbox 387 243 1032 312; baseline 0.012 -7"><span class='ocrx_word' id='word_1_1' title='bbox 387 259 444 306; x_wconf 79' lang='lat' dir='ltr'><strong>arn</strong></span> <span class='ocrx_word' id='word_1_2' title='bbox 468 259 509 305; x_wconf 88' lang='lat' dir='ltr'><strong>nt.</strong></span> <span class='ocrx_word' id='word_1_3' title='bbox 532 259 597 306; x_wconf 83' lang='lat' dir='ltr'><strong>aar.</strong></span> <span class='ocrx_word' id='word_1_4' title='bbox 621 261 731 308; x_wconf 84' lang='lat' dir='ltr'><strong>crrxrr.</strong></span> <span class='ocrx_word' id='word_1_5' title='bbox 967 243 1032 312; x_wconf 80' lang='grc'><strong>599</strong></span> 
     </span>
     <span class='ocr_line' id='line_1_2' title="bbox 116 327 1033 422; baseline 0.004 -24"><span class='ocrx_word' id='word_1_6' title='bbox 116 327 226 398; x_wconf 85' lang='lat' dir='ltr'><strong>hebuit</strong></span> <span class='ocrx_word' id='word_1_7' title='bbox 247 339 350 396; x_wconf 91' lang='lat' dir='ltr'><strong>utatur</strong></span> <span class='ocrx_word' id='word_1_8' title='bbox 371 329 410 394; x_wconf 91' lang='lat' dir='ltr'><strong>ad</strong></span> <span class='ocrx_word' id='word_1_9' title='bbox 432 329 684 397; x_wconf 72' lang='lat' dir='ltr'><strong>sustentationem</strong></span> <span class='ocrx_word' id='word_1_10' title='bbox 708 329 798 408; x_wconf 76' lang='lat' dir='ltr'><strong>vitae</strong></span> <span class='ocrx_word' id='word_1_11' title='bbox 821 341 851 396; x_wconf 88' lang='lat' dir='ltr'><strong>et</strong></span> <span class='ocrx_word' id='word_1_12' title='bbox 867 334 1033 422; x_wconf 75' lang='lat' dir='ltr'><strong>praecipue</strong></span> 
     </span>
    </p>
   </div>
   <div class='ocr_carea' id='block_1_2' title="bbox 115 417 1159 509">
    <p class='ocr_par' dir='ltr' id='par_1_2' title="bbox 115 417 1159 509">
     <span class='ocr_line' id='line_1_3' title="bbox 115 417 1159 509; baseline -0.003 -22"><span class='ocrx_word' id='word_1_13' title='bbox 115 422 142 487; x_wconf 89' lang='lat' dir='ltr'><strong>si</strong></span> <span class='ocrx_word' id='word_1_14' title='bbox 166 418 273 486; x_wconf 90' lang='lat' dir='ltr'><strong>habuit</strong></span> <span class='ocrx_word' id='word_1_15' title='bbox 296 418 503 508; x_wconf 88' lang='lat' dir='ltr'><strong>possessiones</strong></span> <span class='ocrx_word' id='word_1_16' title='bbox 528 417 702 486; x_wconf 85' lang='lat' dir='ltr'><strong>moderatas</strong></span> <span class='ocrx_word' id='word_1_17' title='bbox 736 431 788 508; x_wconf 85' lang='lat' dir='ltr'><strong>aut</strong></span> <span class='ocrx_word' id='word_1_18' title='bbox 816 419 907 488; x_wconf 90' lang='lat' dir='ltr'><strong>ctiam</strong></span> <span class='ocrx_word' id='word_1_19' title='bbox 930 423 1033 509; x_wconf 86' lang='lat' dir='ltr'><strong>aliqua</strong></span> <span class='ocrx_word' id='word_1_20' title='bbox 1152 471 1159 484; x_wconf 91' lang='lat'><em>.</em></span> 
     </span>
    </p>
   </div>
   <div class='ocr_carea' id='block_1_3' title="bbox 107 506 1035 2725">
    <p class='ocr_par' dir='ltr' id='par_1_3' title="bbox 113 506 1035 860">
     <span class='ocr_line' id='line_1_4' title="bbox 114 506 1035 595; baseline 0.003 -21"><span class='ocrx_word' id='word_1_21' title='bbox 114 508 243 575; x_wconf 86' lang='lat' dir='ltr'><strong>mobilia</strong></span> <span class='ocrx_word' id='word_1_22' title='bbox 266 506 440 595; x_wconf 83' lang='lat' dir='ltr'><strong>exquibus</strong></span> <span class='ocrx_word' id='word_1_23' title='bbox 463 507 493 572; x_wconf 93' lang='lat' dir='ltr'><strong>in</strong></span> <span class='ocrx_word' id='word_1_24' title='bbox 518 522 664 595; x_wconf 89' lang='lat' dir='ltr'><strong>promptu</strong></span> <span class='ocrx_word' id='word_1_25' title='bbox 690 521 756 574; x_wconf 87' lang='lat' dir='ltr'><strong>erat</strong></span> <span class='ocrx_word' id='word_1_26' title='bbox 778 520 811 573; x_wconf 94' lang='lat' dir='ltr'><strong>ut</strong></span> <span class='ocrx_word' id='word_1_27' title='bbox 833 524 969 575; x_wconf 77' lang='lat' dir='ltr'><strong>sumeret</strong></span> <span class='ocrx_word' id='word_1_28' title='bbox 991 513 1035 578; x_wconf 83' lang='lat' dir='ltr'><strong>vi·</strong></span> 
     </span>
     <span class='ocr_line' id='line_1_5' title="bbox 114 595 1034 682; baseline 0.002 -18"><span class='ocrx_word' id='word_1_29' title='bbox 114 609 182 664; x_wconf 89' lang='lat' dir='ltr'><strong>ctus</strong></span> <span class='ocrx_word' id='word_1_30' title='bbox 204 598 386 663; x_wconf 80' lang='lat' dir='ltr'><strong>necessaria.</strong></span> <span class='ocrx_word' id='word_1_31' title='bbox 410 596 478 661; x_wconf 92' lang='lat' dir='ltr'><strong>Non</strong></span> <span class='ocrx_word' id='word_1_32' title='bbox 501 597 593 682; x_wconf 79' lang='lat' dir='ltr'><strong>igitur</strong></span> <span class='ocrx_word' id='word_1_33' title='bbox 616 598 718 662; x_wconf 83' lang='lat' dir='ltr'><strong>viuere</strong></span> <span class='ocrx_word' id='word_1_34' title='bbox 744 595 782 660; x_wconf 91' lang='lat' dir='ltr'><strong>de</strong></span> <span class='ocrx_word' id='word_1_35' title='bbox 797 596 954 665; x_wconf 87' lang='lat' dir='ltr'><strong>laboribus</strong></span> <span class='ocrx_word' id='word_1_36' title='bbox 969 619 1034 666; x_wconf 79' lang='lat' dir='ltr'><strong>ma·</strong></span> 
     </span>
     <span class='ocr_line' id='line_1_6' title="bbox 113 685 1034 774; baseline -0.002 -22"><span class='ocrx_word' id='word_1_37' title='bbox 113 686 349 752; x_wconf 86' lang='lat' dir='ltr'><strong>nuumvidetur</strong></span> <span class='ocrx_word' id='word_1_38' title='bbox 370 705 438 756; x_wconf 91' lang='lat' dir='ltr'><strong>esse</strong></span> <span class='ocrx_word' id='word_1_39' title='bbox 465 685 654 751; x_wconf 87' lang='lat' dir='ltr'><strong>conveniens</strong></span> <span class='ocrx_word' id='word_1_40' title='bbox 687 686 845 774; x_wconf 85' lang='lat' dir='ltr'><strong>proposito</strong></span> <span class='ocrx_word' id='word_1_41' title='bbox 874 707 1034 756; x_wconf 60' lang='lat' dir='ltr'><strong>assumens</strong></span> 
     </span>
     <span class='ocr_line' id='line_1_7' title="bbox 113 775 663 860; baseline 0 -20"><span class='ocrx_word' id='word_1_42' title='bbox 113 775 192 842; x_wconf 88' lang='lat' dir='ltr'><strong>tium</strong></span> <span class='ocrx_word' id='word_1_43' title='bbox 214 775 418 841; x_wconf 83' lang='lat' dir='ltr'><strong>voluntarium</strong></span> <span class='ocrx_word' id='word_1_44' title='bbox 442 788 663 860; x_wconf 73' lang='lat' dir='ltr'><strong>paupertatem.</strong></span> 
     </span>
    </p>

    <p class='ocr_par' dir='ltr' id='par_1_4' title="bbox 107 862 1033 1642">
     <span class='ocr_line' id='line_1_8' title="bbox 181 862 1033 949; baseline 0.007 -22"><span class='ocrx_word' id='word_1_45' title='bbox 181 862 288 929; x_wconf 80' lang='lat' dir='ltr'><strong>Adhuc</strong></span> <span class='ocrx_word' id='word_1_46' title='bbox 302 876 405 929; x_wconf 92' lang='lat' dir='ltr'><strong>autem</strong></span> <span class='ocrx_word' id='word_1_47' title='bbox 429 863 545 928; x_wconf 90' lang='lat' dir='ltr'><strong>accedit</strong></span> <span class='ocrx_word' id='word_1_48' title='bbox 568 862 651 949; x_wconf 90' lang='lat' dir='ltr'><strong>quod</strong></span> <span class='ocrx_word' id='word_1_49' title='bbox 674 863 765 929; x_wconf 88' lang='lat' dir='ltr'><strong>etiam</strong></span> <span class='ocrx_word' id='word_1_50' title='bbox 794 862 957 946; x_wconf 79' lang='lat' dir='ltr'><strong>Dominus,</strong></span> <span class='ocrx_word' id='word_1_51' title='bbox 971 867 1033 933; x_wconf 90' lang='lat' dir='ltr'><strong>sol·</strong></span> 
     </span>
     <span class='ocr_line' id='line_1_9' title="bbox 113 951 1032 1038; baseline 0.004 -20"><span class='ocrx_word' id='word_1_52' title='bbox 113 951 305 1018; x_wconf 85' lang='lat' dir='ltr'><strong>licitudioem</strong></span> <span class='ocrx_word' id='word_1_53' title='bbox 329 967 523 1018; x_wconf 88' lang='lat' dir='ltr'><strong>terrenorum</strong></span> <span class='ocrx_word' id='word_1_54' title='bbox 548 951 739 1038; x_wconf 89' lang='lat' dir='ltr'><strong>adiscipulis</strong></span> <span class='ocrx_word' id='word_1_55' title='bbox 775 971 951 1033; x_wconf 87' lang='lat' dir='ltr'><strong>removens,</strong></span> <span class='ocrx_word' id='word_1_56' title='bbox 973 955 1032 1022; x_wconf 87' lang='lat' dir='ltr'><strong>sub</strong></span> 
     </span>
     <span class='ocr_line' id='line_1_10' title="bbox 111 1039 1031 1126; baseline 0.005 -20"><span class='ocrx_word' id='word_1_57' title='bbox 111 1041 311 1107; x_wconf 74' lang='lat' dir='ltr'><strong>similitudine</strong></span> <span class='ocrx_word' id='word_1_58' title='bbox 333 1041 492 1107; x_wconf 88' lang='lat' dir='ltr'><strong>uolucrum</strong></span> <span class='ocrx_word' id='word_1_59' title='bbox 515 1054 546 1105; x_wconf 91' lang='lat' dir='ltr'><strong>et</strong></span> <span class='ocrx_word' id='word_1_60' title='bbox 567 1039 702 1106; x_wconf 88' lang='lat' dir='ltr'><strong>liliorum</strong></span> <span class='ocrx_word' id='word_1_61' title='bbox 724 1043 790 1126; x_wconf 80' lang='lat' dir='ltr'><strong>agri</strong></span> <span class='ocrx_word' id='word_1_62' title='bbox 824 1041 945 1108; x_wconf 84' lang='lat' dir='ltr'><strong>videtur·</strong></span> <span class='ocrx_word' id='word_1_63' title='bbox 982 1045 1031 1112; x_wconf 83' lang='lat' dir='ltr'><strong>eis</strong></span> 
     </span>
     <span class='ocr_line' id='line_1_11' title="bbox 112 1128 1028 1218; baseline 0.003 -22"><span class='ocrx_word' id='word_1_64' title='bbox 112 1129 251 1196; x_wconf 86' lang='lat' dir='ltr'><strong>laborem</strong></span> <span class='ocrx_word' id='word_1_65' title='bbox 276 1129 458 1196; x_wconf 80' lang='lat' dir='ltr'><strong>interdicere</strong></span> <span class='ocrx_word' id='word_1_66' title='bbox 480 1128 668 1207; x_wconf 83' lang='lat' dir='ltr'><strong>manualem3</strong></span> <span class='ocrx_word' id='word_1_67' title='bbox 691 1130 763 1194; x_wconf 91' lang='lat' dir='ltr'><strong>dicit</strong></span> <span class='ocrx_word' id='word_1_68' title='bbox 785 1131 880 1196; x_wconf 87' lang='lat' dir='ltr'><strong>enim:</strong></span> <span class='ocrx_word' id='word_1_69' title='bbox 917 1132 1028 1218; x_wconf 77' lang='lat' dir='ltr'><strong>Respi-</strong></span> 
     </span>
     <span class='ocr_line' id='line_1_12' title="bbox 111 1219 1027 1306; baseline 0.004 -22"><span class='ocrx_word' id='word_1_70' title='bbox 111 1220 170 1284; x_wconf 84' lang='lat' dir='ltr'><strong>eite</strong></span> <span class='ocrx_word' id='word_1_71' title='bbox 191 1219 335 1284; x_wconf 79' lang='lat' dir='ltr'><strong>volatilia</strong></span> <span class='ocrx_word' id='word_1_72' title='bbox 355 1220 444 1298; x_wconf 87' lang='lat' dir='ltr'><strong>coeli,</strong></span> <span class='ocrx_word' id='word_1_73' title='bbox 466 1219 610 1302; x_wconf 83' lang='lat' dir='ltr'><strong>quonium</strong></span> <span class='ocrx_word' id='word_1_74' title='bbox 634 1238 695 1284; x_wconf 87' lang='lat' dir='ltr'><strong>nun</strong></span> <span class='ocrx_word' id='word_1_75' title='bbox 720 1231 823 1286; x_wconf 84' lang='lat' dir='ltr'><strong>terent</strong></span> <span class='ocrx_word' id='word_1_76' title='bbox 847 1239 944 1306; x_wconf 84' lang='lat' dir='ltr'><strong>neque</strong></span> <span class='ocrx_word' id='word_1_77' title='bbox 964 1241 1027 1288; x_wconf 83' lang='lat' dir='ltr'><strong>me-</strong></span> 
     </span>
     <span class='ocr_line' id='line_1_13' title="bbox 109 1307 1027 1394; baseline 0.005 -21"><span class='ocrx_word' id='word_1_78' title='bbox 109 1318 180 1374; x_wconf 86' lang='lat' dir='ltr'><strong>tunt</strong></span> <span class='ocrx_word' id='word_1_79' title='bbox 200 1328 297 1394; x_wconf 81' lang='lat' dir='ltr'><strong>tneque</strong></span> <span class='ocrx_word' id='word_1_80' title='bbox 311 1318 494 1394; x_wconf 79' lang='lat' dir='ltr'><strong>conprepnnt</strong></span> <span class='ocrx_word' id='word_1_81' title='bbox 515 1308 549 1372; x_wconf 86' lang='lat' dir='ltr'><strong>t&#39;n</strong></span> <span class='ocrx_word' id='word_1_82' title='bbox 570 1308 692 1386; x_wconf 75' lang='lat' dir='ltr'><strong>horreo,</strong></span> <span class='ocrx_word' id='word_1_83' title='bbox 706 1307 836 1386; x_wconf 63' lang='lat' dir='ltr'><strong>Mattio„</strong></span> <span class='ocrx_word' id='word_1_84' title='bbox 860 1309 892 1388; x_wconf 85' lang='grc'><strong>6,</strong></span> <span class='ocrx_word' id='word_1_85' title='bbox 915 1310 969 1390; x_wconf 73' lang='lat' dir='ltr'><strong>nu</strong></span> <span class='ocrx_word' id='word_1_86' title='bbox 996 1321 1027 1378; x_wconf 86' lang='lat' dir='ltr'><strong>et</strong></span> 
     </span>
     <span class='ocr_line' id='line_1_14' title="bbox 107 1396 1027 1482; baseline 0.003 -20"><span class='ocrx_word' id='word_1_87' title='bbox 107 1396 232 1464; x_wconf 86' lang='lat' dir='ltr'><strong>iterum:</strong></span> <span class='ocrx_word' id='word_1_88' title='bbox 259 1397 456 1462; x_wconf 69' lang='lat' dir='ltr'><strong>Considerate</strong></span> <span class='ocrx_word' id='word_1_89' title='bbox 479 1396 548 1460; x_wconf 77' lang='lat' dir='ltr'><strong>titio</strong></span> <span class='ocrx_word' id='word_1_90' title='bbox 584 1399 664 1482; x_wconf 78' lang='lat' dir='ltr'><strong>apri,</strong></span> <span class='ocrx_word' id='word_1_91' title='bbox 686 1398 838 1480; x_wconf 80' lang='lat' dir='ltr'><strong>quomodo</strong></span> <span class='ocrx_word' id='word_1_92' title='bbox 873 1410 1027 1478; x_wconf 68' lang='lat' dir='ltr'><strong>mesconis</strong></span> 
     </span>
     <span class='ocr_line' id='line_1_15' title="bbox 108 1483 1029 1570; baseline 0.007 -20"><span class='ocrx_word' id='word_1_93' title='bbox 108 1506 171 1551; x_wconf 84' lang='lat' dir='ltr'><strong>nott</strong></span> <span class='ocrx_word' id='word_1_94' title='bbox 205 1483 350 1551; x_wconf 73' lang='lat' dir='ltr'><strong>tenuant</strong></span> <span class='ocrx_word' id='word_1_95' title='bbox 384 1484 725 1570; x_wconf 67' lang='lat' dir='ltr'><strong>neumasensium„</strong></span> <span class='ocrx_word' id='word_1_96' title='bbox 749 1485 780 1562; x_wconf 87' lang='grc'><strong>6,</strong></span> <span class='ocrx_word' id='word_1_97' title='bbox 812 1486 868 1553; x_wconf 70' lang='lat'><strong>28.</strong></span> <span class='ocrx_word' id='word_1_98' title='bbox 899 1487 1029 1556; x_wconf 83' lang='lat' dir='ltr'><strong>Videtur</strong></span> 
     </span>
     <span class='ocr_line' id='line_1_16' title="bbox 109 1572 805 1642; baseline -0.001 -2"><span class='ocrx_word' id='word_1_99' title='bbox 109 1587 214 1642; x_wconf 88' lang='lat' dir='ltr'><strong>autem</strong></span> <span class='ocrx_word' id='word_1_100' title='bbox 238 1574 288 1640; x_wconf 91' lang='lat' dir='ltr'><strong>hic</strong></span> <span class='ocrx_word' id='word_1_101' title='bbox 310 1573 421 1640; x_wconf 87' lang='lat' dir='ltr'><strong>modus</strong></span> <span class='ocrx_word' id='word_1_102' title='bbox 444 1573 565 1638; x_wconf 86' lang='lat' dir='ltr'><strong>vivendi</strong></span> <span class='ocrx_word' id='word_1_103' title='bbox 601 1572 805 1640; x_wconf 87' lang='lat' dir='ltr'><strong>insulliciens.</strong></span> 
     </span>
    </p>

    <p class='ocr_par' dir='ltr' id='par_1_5' title="bbox 109 1662 1030 2635">
     <span class='ocr_line' id='line_1_17' title="bbox 178 1662 1026 1749; baseline 0.001 -21"><span class='ocrx_word' id='word_1_104' title='bbox 178 1662 255 1728; x_wconf 66' lang='grc' dir='ltr'><strong>Ναω</strong></span> <span class='ocrx_word' id='word_1_105' title='bbox 279 1663 367 1729; x_wconf 88' lang='lat' dir='ltr'><strong>multi</strong></span> <span class='ocrx_word' id='word_1_106' title='bbox 390 1675 461 1729; x_wconf 87' lang='lat' dir='ltr'><strong>sunt</strong></span> <span class='ocrx_word' id='word_1_107' title='bbox 483 1662 703 1749; x_wconf 88' lang='lat' dir='ltr'><strong>perlectionem</strong></span> <span class='ocrx_word' id='word_1_108' title='bbox 719 1664 798 1729; x_wconf 84' lang='lat' dir='ltr'><strong>vitae</strong></span> <span class='ocrx_word' id='word_1_109' title='bbox 814 1663 1026 1738; x_wconf 79' lang='lat' dir='ltr'><strong>desiderantes</strong></span> 
     </span>
     <span class='ocr_line' id='line_1_18' title="bbox 109 1750 1026 1840; baseline 0.005 -23"><span class='ocrx_word' id='word_1_110' title='bbox 109 1751 224 1838; x_wconf 85' lang='lat' dir='ltr'><strong>quibus</strong></span> <span class='ocrx_word' id='word_1_111' title='bbox 245 1771 309 1817; x_wconf 90' lang='lat' dir='ltr'><strong>non</strong></span> <span class='ocrx_word' id='word_1_112' title='bbox 333 1753 466 1839; x_wconf 83' lang='lat' dir='ltr'><strong>suppetit</strong></span> <span class='ocrx_word' id='word_1_113' title='bbox 487 1750 612 1818; x_wconf 81' lang='lat' dir='ltr'><strong>incultas</strong></span> <span class='ocrx_word' id='word_1_114' title='bbox 627 1764 680 1816; x_wconf 90' lang='lat' dir='ltr'><strong>aut</strong></span> <span class='ocrx_word' id='word_1_115' title='bbox 702 1771 751 1817; x_wconf 86' lang='lat' dir='ltr'><strong>ars</strong></span> <span class='ocrx_word' id='word_1_116' title='bbox 773 1765 809 1818; x_wconf 92' lang='lat' dir='ltr'><strong>ut</strong></span> <span class='ocrx_word' id='word_1_117' title='bbox 829 1755 945 1840; x_wconf 86' lang='lat' dir='ltr'><strong>possint</strong></span> <span class='ocrx_word' id='word_1_118' title='bbox 980 1756 1026 1824; x_wconf 87' lang='lat' dir='ltr'><strong>la-</strong></span> 
     </span>
     <span class='ocr_line' id='line_1_19' title="bbox 110 1839 1025 1925; baseline 0.007 -19"><span class='ocrx_word' id='word_1_119' title='bbox 110 1839 190 1906; x_wconf 86' lang='lat' dir='ltr'><strong>bore</strong></span> <span class='ocrx_word' id='word_1_120' title='bbox 204 1859 353 1907; x_wconf 88' lang='lat' dir='ltr'><strong>manuum</strong></span> <span class='ocrx_word' id='word_1_121' title='bbox 376 1841 467 1906; x_wconf 85' lang='lat' dir='ltr'><strong>vitam</strong></span> <span class='ocrx_word' id='word_1_122' title='bbox 491 1839 669 1925; x_wconf 77' lang='lat' dir='ltr'><strong>transigere,</strong></span> <span class='ocrx_word' id='word_1_123' title='bbox 690 1841 763 1925; x_wconf 89' lang='lat' dir='ltr'><strong>quia</strong></span> <span class='ocrx_word' id='word_1_124' title='bbox 800 1859 864 1906; x_wconf 90' lang='lat' dir='ltr'><strong>nnn</strong></span> <span class='ocrx_word' id='word_1_125' title='bbox 884 1856 956 1910; x_wconf 90' lang='lat' dir='ltr'><strong>sunt</strong></span> <span class='ocrx_word' id='word_1_126' title='bbox 992 1846 1025 1912; x_wconf 94' lang='lat' dir='ltr'><strong>iu</strong></span> 
     </span>
     <span class='ocr_line' id='line_1_20' title="bbox 110 1927 1028 2000; baseline 0.005 -5"><span class='ocrx_word' id='word_1_127' title='bbox 110 1927 160 1995; x_wconf 84' lang='lat' dir='ltr'><strong>his</strong></span> <span class='ocrx_word' id='word_1_128' title='bbox 183 1929 287 1996; x_wconf 88' lang='lat' dir='ltr'><strong>nutriti</strong></span> <span class='ocrx_word' id='word_1_129' title='bbox 309 1947 367 1996; x_wconf 85' lang='lat' dir='ltr'><strong>nee</strong></span> <span class='ocrx_word' id='word_1_130' title='bbox 388 1929 535 1995; x_wconf 90' lang='lat' dir='ltr'><strong>instructi.</strong></span> <span class='ocrx_word' id='word_1_131' title='bbox 559 1929 609 1994; x_wconf 88' lang='lat' dir='ltr'><strong>Sic</strong></span> <span class='ocrx_word' id='word_1_132' title='bbox 639 1930 722 1994; x_wconf 89' lang='lat' dir='ltr'><strong>enim</strong></span> <span class='ocrx_word' id='word_1_133' title='bbox 759 1930 896 1997; x_wconf 83' lang='lat' dir='ltr'><strong>melioris</strong></span> <span class='ocrx_word' id='word_1_134' title='bbox 919 1933 1028 2000; x_wconf 69' lang='lat' dir='ltr'><strong>condi«</strong></span> 
     </span>
     <span class='ocr_line' id='line_1_21' title="bbox 110 2016 1024 2107; baseline 0.008 -24"><span class='ocrx_word' id='word_1_135' title='bbox 110 2019 203 2084; x_wconf 88' lang='lat' dir='ltr'><strong>tionis</strong></span> <span class='ocrx_word' id='word_1_136' title='bbox 236 2031 339 2084; x_wconf 87' lang='lat' dir='ltr'><strong>essent</strong></span> <span class='ocrx_word' id='word_1_137' title='bbox 371 2017 411 2083; x_wconf 94' lang='lat' dir='ltr'><strong>ad</strong></span> <span class='ocrx_word' id='word_1_138' title='bbox 437 2016 657 2105; x_wconf 77' lang='lat' dir='ltr'><strong>perfectionem</strong></span> <span class='ocrx_word' id='word_1_139' title='bbox 692 2018 771 2083; x_wconf 81' lang='lat' dir='ltr'><strong>uitae</strong></span> <span class='ocrx_word' id='word_1_140' title='bbox 804 2021 1024 2107; x_wconf 80' lang='lat' dir='ltr'><strong>capessendam</strong></span> 
     </span>
     <span class='ocr_line' id='line_1_22' title="bbox 109 2105 1025 2194; baseline 0.007 -20"><span class='ocrx_word' id='word_1_141' title='bbox 109 2105 262 2174; x_wconf 90' lang='lat' dir='ltr'><strong>rusticiet</strong></span> <span class='ocrx_word' id='word_1_142' title='bbox 284 2107 409 2194; x_wconf 84' lang='lat' dir='ltr'><strong>opifices</strong></span> <span class='ocrx_word' id='word_1_143' title='bbox 429 2125 524 2194; x_wconf 83' lang='lat' dir='ltr'><strong>quam</strong></span> <span class='ocrx_word' id='word_1_144' title='bbox 548 2108 600 2193; x_wconf 88' lang='lat' dir='ltr'><strong>qui</strong></span> <span class='ocrx_word' id='word_1_145' title='bbox 623 2107 790 2193; x_wconf 84' lang='lat' dir='ltr'><strong>sapientiae</strong></span> <span class='ocrx_word' id='word_1_146' title='bbox 812 2107 913 2176; x_wconf 84' lang='lat' dir='ltr'><strong>studio</strong></span> <span class='ocrx_word' id='word_1_147' title='bbox 936 2131 1025 2180; x_wconf 84' lang='lat' dir='ltr'><strong>vaca·</strong></span> 
     </span>
     <span class='ocr_line' id='line_1_23' title="bbox 110 2195 1024 2286; baseline 0.002 -24"><span class='ocrx_word' id='word_1_148' title='bbox 110 2208 223 2262; x_wconf 84' lang='lat' dir='ltr'><strong>rerum</strong></span> <span class='ocrx_word' id='word_1_149' title='bbox 244 2209 275 2260; x_wconf 91' lang='lat' dir='ltr'><strong>ct</strong></span> <span class='ocrx_word' id='word_1_150' title='bbox 296 2197 328 2261; x_wconf 94' lang='lat' dir='ltr'><strong>in</strong></span> <span class='ocrx_word' id='word_1_151' title='bbox 357 2195 468 2261; x_wconf 85' lang='lat' dir='ltr'><strong>divitiis</strong></span> <span class='ocrx_word' id='word_1_152' title='bbox 501 2208 532 2260; x_wconf 90' lang='lat' dir='ltr'><strong>ct</strong></span> <span class='ocrx_word' id='word_1_153' title='bbox 565 2198 595 2260; x_wconf 91' lang='lat' dir='ltr'><strong>in</strong></span> <span class='ocrx_word' id='word_1_154' title='bbox 629 2195 757 2268; x_wconf 88' lang='lat' dir='ltr'><strong>deliciis,</strong></span> <span class='ocrx_word' id='word_1_155' title='bbox 793 2216 870 2282; x_wconf 87' lang='lat' dir='ltr'><strong>quas</strong></span> <span class='ocrx_word' id='word_1_156' title='bbox 898 2212 1024 2286; x_wconf 84' lang='lat' dir='ltr'><strong>propter</strong></span> 
     </span>
     <span class='ocr_line' id='line_1_24' title="bbox 110 2283 1030 2370; baseline -0.003 -19"><span class='ocrx_word' id='word_1_157' title='bbox 110 2283 266 2352; x_wconf 83' lang='lat' dir='ltr'><strong>Christum</strong></span> <span class='ocrx_word' id='word_1_158' title='bbox 300 2284 456 2362; x_wconf 88' lang='lat' dir='ltr'><strong>deserunt,</strong></span> <span class='ocrx_word' id='word_1_159' title='bbox 487 2293 559 2349; x_wconf 90' lang='lat' dir='ltr'><strong>sunt</strong></span> <span class='ocrx_word' id='word_1_160' title='bbox 592 2285 706 2350; x_wconf 89' lang='lat' dir='ltr'><strong>nutriti.</strong></span> <span class='ocrx_word' id='word_1_161' title='bbox 741 2283 895 2370; x_wconf 77' lang='lat' dir='ltr'><strong>Contingit</strong></span> <span class='ocrx_word' id='word_1_162' title='bbox 929 2289 1030 2356; x_wconf 92' lang='lat' dir='ltr'><strong>etiam.</strong></span> 
     </span>
     <span class='ocr_line' id='line_1_25' title="bbox 111 2373 1021 2460; baseline 0.005 -21"><span class='ocrx_word' id='word_1_163' title='bbox 111 2373 233 2460; x_wconf 88' lang='lat' dir='ltr'><strong>aliquos</strong></span> <span class='ocrx_word' id='word_1_164' title='bbox 266 2373 468 2439; x_wconf 75' lang='lat' dir='ltr'><strong>uoluntarium</strong></span> <span class='ocrx_word' id='word_1_165' title='bbox 503 2386 716 2460; x_wconf 87' lang='lat' dir='ltr'><strong>paupertatem</strong></span> <span class='ocrx_word' id='word_1_166' title='bbox 749 2388 940 2443; x_wconf 85' lang='lat' dir='ltr'><strong>assumentes</strong></span> <span class='ocrx_word' id='word_1_167' title='bbox 974 2378 1021 2444; x_wconf 89' lang='lat' dir='ltr'><strong>iu-</strong></span> 
     </span>
     <span class='ocr_line' id='line_1_26' title="bbox 110 2461 1022 2552; baseline 0.005 -22"><span class='ocrx_word' id='word_1_168' title='bbox 110 2461 227 2530; x_wconf 81' lang='lat' dir='ltr'><strong>firmari</strong></span> <span class='ocrx_word' id='word_1_169' title='bbox 251 2476 303 2528; x_wconf 88' lang='lat' dir='ltr'><strong>aut</strong></span> <span class='ocrx_word' id='word_1_170' title='bbox 324 2461 399 2528; x_wconf 85' lang='lat' dir='ltr'><strong>alias</strong></span> <span class='ocrx_word' id='word_1_171' title='bbox 421 2461 562 2547; x_wconf 89' lang='lat' dir='ltr'><strong>impediri</strong></span> <span class='ocrx_word' id='word_1_172' title='bbox 585 2461 749 2548; x_wconf 89' lang='lat' dir='ltr'><strong>quominus</strong></span> <span class='ocrx_word' id='word_1_173' title='bbox 761 2464 882 2550; x_wconf 85' lang='lat' dir='ltr'><strong>operari</strong></span> <span class='ocrx_word' id='word_1_174' title='bbox 894 2465 1022 2552; x_wconf 85' lang='lat' dir='ltr'><strong>possint.</strong></span> 
     </span>
     <span class='ocr_line' id='line_1_27' title="bbox 110 2549 955 2635; baseline 0.004 -17"><span class='ocrx_word' id='word_1_175' title='bbox 110 2550 163 2619; x_wconf 90' lang='lat' dir='ltr'><strong>Sic</strong></span> <span class='ocrx_word' id='word_1_176' title='bbox 183 2569 258 2635; x_wconf 77' lang='lat' dir='ltr'><strong>ergo</strong></span> <span class='ocrx_word' id='word_1_177' title='bbox 279 2563 476 2616; x_wconf 86' lang='lat' dir='ltr'><strong>remanerent</strong></span> <span class='ocrx_word' id='word_1_178' title='bbox 498 2549 631 2616; x_wconf 89' lang='lat' dir='ltr'><strong>destituti</strong></span> <span class='ocrx_word' id='word_1_179' title='bbox 654 2553 832 2618; x_wconf 86' lang='lat' dir='ltr'><strong>necessariis</strong></span> <span class='ocrx_word' id='word_1_180' title='bbox 866 2554 955 2622; x_wconf 86' lang='lat' dir='ltr'><strong>vitae.</strong></span> 
     </span>
    </p>

    <p class='ocr_par' dir='ltr' id='par_1_6' title="bbox 161 2637 1023 2725">
     <span class='ocr_line' id='line_1_28' title="bbox 161 2637 1023 2725; baseline 0.005 -17"><span class='ocrx_word' id='word_1_181' title='bbox 161 2641 265 2719; x_wconf 72' lang='lat' dir='ltr'><strong>item,</strong></span> <span class='ocrx_word' id='word_1_182' title='bbox 287 2639 355 2706; x_wconf 88' lang='lat' dir='ltr'><strong>Non</strong></span> <span class='ocrx_word' id='word_1_183' title='bbox 388 2638 501 2706; x_wconf 92' lang='lat' dir='ltr'><strong>modici</strong></span> <span class='ocrx_word' id='word_1_184' title='bbox 535 2638 682 2725; x_wconf 87' lang='lat' dir='ltr'><strong>temporis</strong></span> <span class='ocrx_word' id='word_1_185' title='bbox 716 2637 804 2704; x_wconf 88' lang='lat' dir='ltr'><strong>labor</strong></span> <span class='ocrx_word' id='word_1_186' title='bbox 835 2642 949 2709; x_wconf 82' lang='lat' dir='ltr'><strong>sullreit</strong></span> <span class='ocrx_word' id='word_1_187' title='bbox 983 2643 1023 2712; x_wconf 90' lang='lat' dir='ltr'><strong>ad</strong></span> 
     </span>
    </p>
   </div>
   <div class='ocr_carea' id='block_1_4' title="bbox 111 2726 1032 2814">
    <p class='ocr_par' dir='ltr' id='par_1_7' title="bbox 111 2726 1032 2814">
     <span class='ocr_line' id='line_1_29' title="bbox 111 2726 1032 2814; baseline 0.005 -18"><span class='ocrx_word' id='word_1_188' title='bbox 111 2729 295 2812; x_wconf 53' lang='lat' dir='ltr'><strong>necessaris,</strong></span> <span class='ocrx_word' id='word_1_189' title='bbox 317 2729 398 2794; x_wconf 73' lang='lat' dir='ltr'><strong>ritae</strong></span> <span class='ocrx_word' id='word_1_190' title='bbox 419 2726 606 2814; x_wconf 82' lang='lat' dir='ltr'><strong>quaerenda3</strong></span> <span class='ocrx_word' id='word_1_191' title='bbox 628 2726 712 2812; x_wconf 87' lang='lat' dir='ltr'><strong>quod</strong></span> <span class='ocrx_word' id='word_1_192' title='bbox 746 2740 827 2814; x_wconf 88' lang='lat' dir='ltr'><strong>patet</strong></span> <span class='ocrx_word' id='word_1_193' title='bbox 849 2730 881 2796; x_wconf 91' lang='lat' dir='ltr'><strong>in</strong></span> <span class='ocrx_word' id='word_1_194' title='bbox 917 2732 1032 2801; x_wconf 84' lang='lat' dir='ltr'><strong>multis</strong></span> 
     </span>
    </p>
   </div>
   <div class='ocr_carea' id='block_1_5' title="bbox 90 2814 1023 3348">
    <p class='ocr_par' dir='ltr' id='par_1_8' title="bbox 90 2814 1023 3348">
     <span class='ocr_line' id='line_1_30' title="bbox 90 2814 1022 2906; baseline 0.005 -22"><span class='ocrx_word' id='word_1_195' title='bbox 90 2819 165 2906; x_wconf 83' lang='lat' dir='ltr'><strong>.qui</strong></span> <span class='ocrx_word' id='word_1_196' title='bbox 189 2831 286 2884; x_wconf 89' lang='lat' dir='ltr'><strong>totum</strong></span> <span class='ocrx_word' id='word_1_197' title='bbox 309 2829 430 2904; x_wconf 88' lang='lat' dir='ltr'><strong>tempus</strong></span> <span class='ocrx_word' id='word_1_198' title='bbox 453 2815 492 2881; x_wconf 92' lang='lat' dir='ltr'><strong>ad</strong></span> <span class='ocrx_word' id='word_1_199' title='bbox 515 2815 575 2882; x_wconf 87' lang='lat' dir='ltr'><strong>hoc</strong></span> <span class='ocrx_word' id='word_1_200' title='bbox 611 2814 798 2902; x_wconf 80' lang='lat' dir='ltr'><strong>expendunt,</strong></span> <span class='ocrx_word' id='word_1_201' title='bbox 835 2817 884 2884; x_wconf 84' lang='lat' dir='ltr'><strong>vix</strong></span> <span class='ocrx_word' id='word_1_202' title='bbox 917 2833 1022 2888; x_wconf 72' lang='lat' dir='ltr'><strong>umen</strong></span> 
     </span>
     <span class='ocr_line' id='line_1_31' title="bbox 109 2904 1022 2993; baseline 0.004 -19"><span class='ocrx_word' id='word_1_203' title='bbox 109 2907 317 2974; x_wconf 79' lang='lat' dir='ltr'><strong>sufficientem</strong></span> <span class='ocrx_word' id='word_1_204' title='bbox 340 2905 591 2971; x_wconf 86' lang='lat' dir='ltr'><strong>sustentationem</strong></span> <span class='ocrx_word' id='word_1_205' title='bbox 625 2904 782 2990; x_wconf 87' lang='lat' dir='ltr'><strong>acquirere</strong></span> <span class='ocrx_word' id='word_1_206' title='bbox 818 2921 954 2993; x_wconf 88' lang='lat' dir='ltr'><strong>possunt.</strong></span> <span class='ocrx_word' id='word_1_207' title='bbox 988 2911 1022 2978; x_wconf 85' lang='lat' dir='ltr'><strong>Si</strong></span> 
     </span>
     <span class='ocr_line' id='line_1_32' title="bbox 110 2994 1023 3083; baseline 0.004 -21"><span class='ocrx_word' id='word_1_208' title='bbox 110 3010 215 3064; x_wconf 88' lang='lat' dir='ltr'><strong>autem</strong></span> <span class='ocrx_word' id='word_1_209' title='bbox 237 2994 441 3061; x_wconf 82' lang='lat' dir='ltr'><strong>voluntariam</strong></span> <span class='ocrx_word' id='word_1_210' title='bbox 464 3005 675 3081; x_wconf 87' lang='lat' dir='ltr'><strong>paupertatem</strong></span> <span class='ocrx_word' id='word_1_211' title='bbox 698 3006 849 3061; x_wconf 84' lang='lat' dir='ltr'><strong>sectantes</strong></span> <span class='ocrx_word' id='word_1_212' title='bbox 866 3010 1023 3083; x_wconf 88' lang='lat' dir='ltr'><strong>oporteret</strong></span> 
     </span>
     <span class='ocr_line' id='line_1_33' title="bbox 110 3082 1021 3174; baseline 0.001 -22"><span class='ocrx_word' id='word_1_213' title='bbox 110 3083 218 3152; x_wconf 88' lang='lat' dir='ltr'><strong>labore</strong></span> <span class='ocrx_word' id='word_1_214' title='bbox 237 3082 374 3150; x_wconf 88' lang='lat' dir='ltr'><strong>manuali</strong></span> <span class='ocrx_word' id='word_1_215' title='bbox 397 3082 509 3150; x_wconf 87' lang='lat' dir='ltr'><strong>victum</strong></span> <span class='ocrx_word' id='word_1_216' title='bbox 531 3083 701 3169; x_wconf 85' lang='lat' dir='ltr'><strong>acquirere,</strong></span> <span class='ocrx_word' id='word_1_217' title='bbox 733 3097 915 3168; x_wconf 89' lang='lat' dir='ltr'><strong>sequeretur</strong></span> <span class='ocrx_word' id='word_1_218' title='bbox 936 3088 1021 3174; x_wconf 90' lang='lat' dir='ltr'><strong>quod</strong></span> 
     </span>
     <span class='ocr_line' id='line_1_34' title="bbox 107 3169 1022 3260; baseline 0.001 -19"><span class='ocrx_word' id='word_1_219' title='bbox 107 3177 188 3242; x_wconf 87' lang='lat' dir='ltr'><strong>cirea</strong></span> <span class='ocrx_word' id='word_1_220' title='bbox 211 3171 390 3260; x_wconf 82' lang='lat' dir='ltr'><strong>hujusmodi</strong></span> <span class='ocrx_word' id='word_1_221' title='bbox 413 3171 551 3238; x_wconf 86' lang='lat' dir='ltr'><strong>laborem</strong></span> <span class='ocrx_word' id='word_1_222' title='bbox 575 3169 675 3255; x_wconf 86' lang='lat' dir='ltr'><strong>majus</strong></span> <span class='ocrx_word' id='word_1_223' title='bbox 700 3183 821 3258; x_wconf 81' lang='lat' dir='ltr'><strong>tempus</strong></span> <span class='ocrx_word' id='word_1_224' title='bbox 843 3193 918 3240; x_wconf 90' lang='lat' dir='ltr'><strong>suae</strong></span> <span class='ocrx_word' id='word_1_225' title='bbox 939 3175 1022 3244; x_wconf 87' lang='lat' dir='ltr'><strong>vitae</strong></span> 
     </span>
     <span class='ocr_line' id='line_1_35' title="bbox 110 3257 1020 3348; baseline 0.001 -18"><span class='ocrx_word' id='word_1_226' title='bbox 110 3257 339 3343; x_wconf 67' lang='lat' dir='ltr'><strong>consumerent,</strong></span> <span class='ocrx_word' id='word_1_227' title='bbox 351 3272 382 3326; x_wconf 90' lang='lat' dir='ltr'><strong>ct</strong></span> <span class='ocrx_word' id='word_1_228' title='bbox 393 3281 448 3348; x_wconf 93' lang='lat' dir='ltr'><strong>per</strong></span> <span class='ocrx_word' id='word_1_229' title='bbox 460 3279 651 3346; x_wconf 86' lang='lat' dir='ltr'><strong>consequens</strong></span> <span class='ocrx_word' id='word_1_230' title='bbox 667 3259 890 3347; x_wconf 86' lang='lat' dir='ltr'><strong>impedirentur</strong></span> <span class='ocrx_word' id='word_1_231' title='bbox 902 3263 1020 3331; x_wconf 84' lang='lat' dir='ltr'><strong>ebaliis</strong></span> 
     </span>
    </p>
   </div>
   <div class='ocr_carea' id='block_1_6' title="bbox 110 3347 1035 3619">
    <p class='ocr_par' dir='ltr' id='par_1_9' title="bbox 110 3347 1035 3619">
     <span class='ocr_line' id='line_1_36' title="bbox 110 3347 1035 3438; baseline -0.011 -18"><span class='ocrx_word' id='word_1_232' title='bbox 110 3352 209 3437; x_wconf 78' lang='lat' dir='ltr'><strong>magis</strong></span> <span class='ocrx_word' id='word_1_233' title='bbox 231 3349 409 3418; x_wconf 86' lang='lat' dir='ltr'><strong>necessariis</strong></span> <span class='ocrx_word' id='word_1_234' title='bbox 431 3347 600 3415; x_wconf 83' lang='lat' dir='ltr'><strong>actionibus</strong></span> <span class='ocrx_word' id='word_1_235' title='bbox 633 3367 712 3434; x_wconf 84' lang='lat' dir='ltr'><strong>quae</strong></span> <span class='ocrx_word' id='word_1_236' title='bbox 745 3349 837 3418; x_wconf 90' lang='lat' dir='ltr'><strong>etiam</strong></span> <span class='ocrx_word' id='word_1_237' title='bbox 871 3371 1035 3438; x_wconf 73' lang='lat' dir='ltr'><strong>magnum:</strong></span> 
     </span>
     <span class='ocr_line' id='line_1_37' title="bbox 112 3437 1020 3530; baseline 0.003 -21"><span class='ocrx_word' id='word_1_238' title='bbox 112 3455 234 3529; x_wconf 81' lang='lat' dir='ltr'><strong>tempus</strong></span> <span class='ocrx_word' id='word_1_239' title='bbox 256 3439 427 3528; x_wconf 83' lang='lat' dir='ltr'><strong>requirunt,</strong></span> <span class='ocrx_word' id='word_1_240' title='bbox 445 3437 525 3519; x_wconf 79' lang='lat' dir='ltr'><strong>sicut</strong></span> <span class='ocrx_word' id='word_1_241' title='bbox 544 3449 615 3504; x_wconf 88' lang='lat' dir='ltr'><strong>sont</strong></span> <span class='ocrx_word' id='word_1_242' title='bbox 636 3437 772 3504; x_wconf 83' lang='lat' dir='ltr'><strong>studium</strong></span> <span class='ocrx_word' id='word_1_243' title='bbox 799 3441 967 3530; x_wconf 89' lang='lat' dir='ltr'><strong>sapientiae</strong></span> <span class='ocrx_word' id='word_1_244' title='bbox 989 3455 1020 3514; x_wconf 89' lang='lat' dir='ltr'><strong>et</strong></span> 
     </span>
     <span class='ocr_line' id='line_1_38' title="bbox 113 3525 1020 3619; baseline 0.002 -21"><span class='ocrx_word' id='word_1_245' title='bbox 113 3531 252 3601; x_wconf 89' lang='lat' dir='ltr'><strong>doctrina</strong></span> <span class='ocrx_word' id='word_1_246' title='bbox 274 3542 305 3598; x_wconf 90' lang='lat' dir='ltr'><strong>et</strong></span> <span class='ocrx_word' id='word_1_247' title='bbox 327 3526 506 3619; x_wconf 86' lang='lat' dir='ltr'><strong>hujusmodi</strong></span> <span class='ocrx_word' id='word_1_248' title='bbox 527 3526 587 3596; x_wconf 90' lang='lat' dir='ltr'><strong>alia</strong></span> <span class='ocrx_word' id='word_1_249' title='bbox 607 3525 777 3616; x_wconf 82' lang='lat' dir='ltr'><strong>spiritualia</strong></span> <span class='ocrx_word' id='word_1_250' title='bbox 796 3531 967 3614; x_wconf 70' lang='lat' dir='ltr'><strong>‚esmeitie&#39;</strong></span> <span class='ocrx_word' id='word_1_251' title='bbox 980 3530 1020 3602; x_wconf 82' lang='lat' dir='ltr'><strong>Et</strong></span> 
     </span>
    </p>
   </div>
   <div class='ocr_carea' id='block_1_7' title="bbox 1108 225 1116 257">
    <p class='ocr_par' dir='ltr' id='par_1_10' title="bbox 1108 225 1116 257">
     <span class='ocr_line' id='line_1_39' title="bbox 1108 225 1116 257; baseline 0 0"><span class='ocrx_word' id='word_1_252' title='bbox 1108 225 1116 257; x_wconf 90' lang='grc' dir='ltr'><em>Ι</em></span> 
     </span>
    </p>
   </div>
   <div class='ocr_carea' id='block_1_8' title="bbox 0 0 1262 3968">
    <p class='ocr_par' dir='ltr' id='par_1_11' title="bbox 0 0 1262 3968">
     <span class='ocr_line' id='line_1_40' title="bbox 0 0 1262 3968; baseline 0 2"><span class='ocrx_word' id='word_1_253' title='bbox 0 0 1262 3968; x_wconf 95' lang='lat' dir='ltr'><strong> </strong></span> 
     </span>
    </p>
   </div>
  </div>
 </body>
</html>
