2514 3972
233 244 298 310 aet
520 265 575 310 urs.
607 265 648 310 ru.
678 264 740 310 can.
768 264 846 310 stava.
1105 321 1107 324 ¹

231 347 368 409 steusum
392 332 430 422 sit
452 336 536 419 quod
558 335 653 412 Deus,
676 357 711 399 ex
735 354 842 399 amore
865 351 957 418 quent
985 331 1024 398 ad
1064 353 1154 398 urea·
1242 402 1246 413 ,

233 435 334 488 turam
358 423 539 487 rationalem
561 424 663 501 habet,
686 423 752 508 ejus
776 422 929 487 desideria
945 422 1071 508 impleat
1094 441 1154 508 per

233 512 404 576 orationem
428 511 484 577 sibi
510 514 674 598 proposita,
687 533 750 576 trun
762 525 807 576 est
819 510 993 602 mirandum
1010 513 1034 576 si
1051 531 1153 596 quan·

232 599 334 688 doque
357 621 464 665 eorum
489 601 579 665 etiam
604 622 681 686 quus
706 601 869 686 praecipue
898 599 995 683 diligit
1031 600 1154 686 petitin-

231 709 304 754 nem
329 709 391 754 nun
415 689 530 774 implet,
553 703 586 754 ut
620 690 745 776 impleet
784 688 866 776 quod
904 689 1016 773 petenti
1052 688 1155 772 magis

231 777 354 864 expedit
377 777 416 842 ad
440 779 580 856 salutem,
604 794 729 864 propter
752 778 835 862 quod
850 799 866 842 a
880 777 976 841 Paulo
988 776 1154 841 stimulum

232 868 332 932 earnis
354 887 417 931 nou
441 869 566 944 amovit,
589 869 728 952 quamvis
750 867 811 931 hoe
846 879 892 931 ter
928 877 1055 952 peteret,
1080 886 1155 950 pro-

232 955 339 1020 videns
352 956 412 1021 hou
425 959 452 1020 ei
469 977 536 1020 esse
549 957 620 1020 utile
634 957 673 1020 ad
690 955 868 1020 humilitatis
885 955 1154 1020 conservationem

233 1055 269 1109 ut
285 1044 417 1109 habetur
444 1046 474 1110 in
499 1045 632 1110 secunda
661 1045 698 1108 ad
726 1043 974 1121 Corinthiusld,
985 1043 1050 1108 7-9.
1064 1042 1156 1106 Unde

231 1146 262 1196 et
286 1133 468 1220 quibusdam
494 1134 613 1198 dieitur:
637 1134 767 1198 ll'esu‘tis
789 1133 864 1217 quid
882 1133 1009 1218 petatis,
1044 1131 1154 1195 Mattb.

231 1221 286 1296 dl),
316 1221 369 1300 aa
392 1237 421 1288 et
445 1223 565 1288 dieitur:
589 1223 668 1287 Num
693 1223 910 1307 panderemus
936 1222 1014 1285 siertt
1029 1231 1155 1304 oportet

229 1312 391 1390 nescimus,
413 1311 501 1376 Rom.
525 1311 555 1387 8,
581 1313 634 1377 96.
659 1313 693 1376 Et
716 1325 841 1398 propter
865 1312 923 1376 lton
960 1311 1154 1394 Augustinus

230 1399 303 1465 dicit
327 1399 385 1488 (l):
410 1401 516 1466 Burrus
538 1402 699 1476 Dominus,
727 1403 778 1483 qui
815 1420 876 1463 uon
915 1398 1022 1463 tribuit
1058 1418 1154 1482 saepe

229 1489 312 1572 quod
334 1491 484 1565 uolumus,
507 1502 541 1554 ut
564 1491 645 1574 quod
668 1491 831 1554 mallemus
853 1487 1013 1552 attribuat.

299 1577 385 1642 Patet
407 1581 499 1664 igitur
521 1600 557 1643 ex
596 1579 770 1664 praemissis
804 1577 887 1663 quod
922 1595 1030 1641 eorum
1071 1594 1154 1656 quae

135 1678 137 1684 '
231 1665 310 1731 fiunt
333 1688 349 1731 a
373 1667 441 1732 Deo
464 1689 554 1732 eausa
579 1681 649 1732 sunt
673 1669 826 1732 orationes
849 1680 878 1731 et
901 1666 950 1752 pia
988 1662 1153 1729 desideria.

234 1753 396 1820 Ostensum
420 1772 465 1822 est
488 1771 589 1820 autem
626 1777 716 1842 supra
743 1762 795 1846 (e.
820 1753 893 1838 43)
926 1753 1010 1839 quod
1049 1752 1154 1816 diuina

233 1844 423 1930 providentia
448 1866 554 1910 causas
579 1845 651 1909 alias
677 1866 738 1908 uon
762 1844 905 1922 excludit,
939 1843 1013 1928 quin
1051 1842 1154 1926 potius

235 1931 356 1996 ordinat
382 1953 433 1998 eas
457 1933 495 2000 ad
521 1935 579 1998 hoe
602 1933 684 2019 quod
709 1933 889 2018 ordoquem
904 1930 983 2018 apud
1001 1950 1034 1994 se
1051 1929 1156 1993 statuit

234 2019 327 2086 rebus
351 2023 527 2108 imponatur
540 2036 570 2087 et
592 2025 634 2086 sie
652 2044 761 2087 causae
778 2020 931 2086 secundae
943 2018 1155 2106 providentiae

235 2130 297 2174 nou
321 2122 504 2198 repugnant,
525 2111 580 2176 sed
604 2113 701 2196 magis
725 2110 935 2196 providentiae
958 2119 1156 2192 exequuntur
1249 2135 1250 2192 3

231 2199 387 2266 ellectum.
409 2201 458 2266 Sin
488 2221 563 2286 ergo
586 2204 738 2264 orationes
762 2199 842 2285 apud
880 2198 980 2262 Deum
1015 2195 1156 2260 efficaces
1249 2199 1250 2212 ¹

234 2301 326 2367 suut,
360 2311 421 2354 uon
456 2303 559 2354 tamen
594 2289 734 2352 ordinem
769 2287 990 2352 immutabilem
1030 2285 1156 2348 divinae

234 2377 442 2462 providentiae
465 2379 598 2450 solvunt,
620 2379 689 2462 quia
714 2390 744 2442 et
767 2377 825 2441 hoe
849 2377 947 2462 ipsum
983 2373 1068 2459 quod
1103 2373 1155 2436 tali

234 2467 349 2550 petenti
374 2467 432 2531 line
454 2468 641 2531 concedatur
665 2466 722 2530 sub
745 2466 856 2530 ordine
889 2464 1011 2528 divinae
1050 2461 1156 2547 provi·

235 2553 357 2618 dentiae
380 2556 468 2620 eadit.
493 2555 600 2619 Simile
623 2568 668 2618 est
691 2575 765 2638 ergo
789 2554 891 2618 dicere
927 2573 988 2616 uon
1026 2569 1095 2614 esse
1120 2570 1155 2613 n·

236 2642 368 2707 randum
392 2658 424 2708 ut
447 2643 560 2728 aliquid
584 2663 809 2728 consequamur
833 2663 849 2707 a
873 2641 950 2719 Deo,
972 2641 1042 2725 quia
1075 2639 1155 2702 ordo

237 2751 312 2796 suae
335 2733 542 2818 providentiae
566 2747 610 2796 est
633 2731 842 2810 immutabilis,
880 2751 915 2794 ue
952 2729 977 2793 si
999 2729 1157 2792 diceretur

237 2821 321 2904 quod
345 2841 406 2886 non
430 2834 508 2888 esset
532 2820 765 2897 ambulandum,
803 2833 836 2884 ut
859 2817 1076 2904 perveniamus
1115 2815 1156 2880 ad

238 2909 353 2980 laeum.
376 2930 433 2974 nee
455 2909 682 2974 comedendum
708 2923 739 2974 ut
762 2909 943 2985 nutriantun
959 2907 1159 2992 quaeumnia
1249 2907 1250 2926 l

238 3012 321 3084 patet
344 3019 411 3063 esse
435 2998 577 3063 absurda.
914 3025 916 3030 a

304 3087 479 3152 Excluditur
502 3108 576 3171 ergo
599 3105 635 3150 ex
652 3086 827 3172 praemissis
843 3083 956 3171 duplex
972 3103 1059 3148 error
1074 3082 1158 3146 eirea

236 3177 417 3240 orationem.
442 3176 574 3258 Quidam
600 3177 681 3239 euim
707 3175 850 3240 dixerunt
889 3173 1007 3238 nullum
1032 3191 1100 3235 esse
1124 3191 1159 3236 ο-
1249 3167 1250 3194 l

235 3265 360 3330 rationis
384 3265 528 3342 fruetum3
551 3264 761 3350 qunthuidem
786 3263 928 3327 dicebaut
952 3277 1013 3324 tatu
1037 3260 1078 3324 illi
1102 3261 1157 3345 qui
1249 3303 1250 3342 p

236 3354 389 3438 negabant
412 3354 546 3418 divinam
571 3353 791 3438 prouidentiam
816 3353 954 3423 omniun,
987 3351 1066 3414 sieut
1089 3349 1157 3433 epi·
1249 3367 1250 3370 ’

237 3445 330 3519 curel,
354 3461 446 3526 quam
471 3443 512 3506 illi
537 3445 588 3527 qui
615 3461 663 3505 res
702 3441 852 3505 humanas
892 3439 1014 3503 divinae
1053 3437 1157 3525 pruvi-

292 3543 334 3617 ll)
352 3546 380 3598 S.
399 3546 465 3614 Aug.
483 3547 566 3616 Epist.
584 3545 616 3598 51
636 3547 671 3598 ad
688 3545 764 3599 Paul.
784 3553 808 3598 el
831 3545 991 3598 Therasiam.
