2462 3968
236 281 291 342 ιιι.
315 283 356 328 ιιι.
381 280 444 326 car.
468 280 575 326 ιιιιινιι.
600 281 635 324 ar
659 281 779 328 ιιιιιιιιι.
905 263 969 329 ‘227

114 351 307 430 Praeterea,
344 350 563 418 Convenientia
600 349 716 416 ordinis
751 348 971 438 perlectionem

51 441 265 528 providentiae
300 439 502 514 demonstrat,
536 460 607 504 cum
644 440 721 505 ordo
759 441 797 504 sit
830 443 972 526 proprius

52 531 176 596 allectus
202 530 422 616 providentiae.
458 528 503 592 Ad
526 530 770 594 convenientiam
795 543 897 593 autem
922 551 970 594 or·

52 619 128 684 diuis
152 621 288 706 pertinet
313 633 344 682 ut
367 617 444 682 nibil
460 617 667 683 inordinatum
683 619 882 703 relinquatur.
900 618 972 684 Per·

52 707 138 773 lertio
164 707 260 792 igitur
283 707 404 772 tlivinae
429 707 636 792 providentiae
660 709 787 792 requirit
812 720 844 770 ut
867 727 971 773 exces-

52 817 116 861 sum
156 797 333 880 aliquarum
374 815 478 860 rerum
513 816 605 880 supra
640 794 714 860 alias
752 795 791 860 ad
829 796 971 861 ordinem

51 886 287 950 conuenientem
311 884 446 949 reducat.
459 883 522 948 Hoc
536 900 639 948 autem
656 883 689 947 lit
700 903 771 950 cum
784 905 821 949 ex
844 905 971 971 supera-

52 975 222 1038 bundantia
259 974 432 1060 aliquorum
474 975 571 1057 magis
611 973 791 1037 habentium
832 977 970 1060 provenit

52 1061 175 1148 aliquod
189 1063 306 1128 bonum
316 1064 417 1127 minus
426 1061 618 1126 habentibus.
631 1061 708 1126 Cum
721 1063 812 1147 igitur
825 1062 969 1148 perfectio

54 1153 185 1216 uniuersi
213 1153 348 1238 requirat
371 1150 454 1237 quod
486 1150 639 1237 quaetlam
662 1151 728 1215 aliie
765 1152 970 1218 abundantius
1001 1229 1003 1232 .

54 1239 192 1305 diuinam
218 1240 385 1304 bonitatem
410 1241 600 1326 participent,
624 1255 763 1326 utsupra
781 1240 814 1327 (l.
828 1241 858 1318 l,
870 1261 895 1304 e.
913 1240 970 1326 lb)

55 1343 213 1394 ostensum
237 1342 290 1405 est,
317 1329 409 1412 exigit
440 1328 560 1392 divinae
595 1330 804 1415 providentiae
827 1328 972 1414 perfectio

56 1431 95 1494 ut,
117 1438 174 1505 per
198 1437 235 1482 ea
260 1439 339 1504 quae
363 1417 482 1502 plenius
516 1417 652 1482 divinam
678 1417 846 1482 bonitatem
881 1421 974 1504 parti·

55 1506 164 1592 cipum,
188 1508 329 1572 executio
353 1506 447 1571 divini
470 1507 629 1590 regiminis
645 1509 844 1591 compleatur.

96 1596 217 1670 Adbuc,
241 1595 377 1662 Nobilior
399 1609 444 1658 est
473 1595 550 1659 ordo
584 1615 745 1659 causarum
779 1613 873 1680 quam
900 1595 972 1660 elle·

55 1695 167 1763 ornum,
181 1685 260 1750 sicut
275 1705 365 1749 causa
383 1685 482 1769 potior
493 1697 539 1748 est
556 1684 682 1762 ¹ell'eetm
706 1685 803 1767 magio
826 1685 918 1768 igitur
941 1686 972 1748 in

56 1791 91 1834 eo
114 1772 262 1858 perfectio
290 1772 499 1860 providentiae
533 1773 771 1836 demonstratur.
802 1771 833 1836 Si
868 1785 970 1838 autem

55 1879 112 1924 non
134 1875 242 1927 essent
264 1863 383 1948 aliquae
406 1881 516 1926 causae
540 1861 660 1927 mediae
684 1873 869 1947 exequentes
896 1862 971 1926 divi-

57 1969 124 2013 nam
148 1951 388 2036 providentiam,
412 1971 473 2014 non
497 1963 579 2014 eeset
602 1952 632 2014 in
655 1951 748 2015 rebus
769 1951 846 2015 ordo
861 1971 967 2016 causa-

58 2058 132 2114 rum,
155 2040 210 2104 sed
235 2040 398 2104 effectuum
434 2049 562 2103 tantum.
595 2041 692 2124 Exigit
726 2040 816 2122 igitur
850 2040 969 2108 divinae

58 2127 264 2209 prouidentiae
287 2127 434 2215 persentio
455 2129 539 2214 quod
562 2128 623 2194 sint
645 2147 755 2193 causae
768 2127 887 2193 mediae
899 2149 969 2195 exe-

59 2230 183 2298 quantes
208 2219 316 2304 ipsam.
494 2231 496 2236 '
685 2245 690 2258 ·
750 2255 753 2272 ι

120 2305 198 2372 llinc
222 2320 267 2372 est
289 2304 373 2394 quod
385 2304 503 2370 dicitur:
521 2305 696 2370 benedicite
712 2305 852 2384 Domino,
869 2326 973 2386 omues

59 2391 182 2459 uirtutes
210 2397 284 2480 elue,
319 2395 454 2458 mitriatri
476 2398 541 2478 eJ'ua
564 2394 615 2480 qui
648 2394 751 2477 fucitis
784 2397 972 2460 voluntatem

59 2483 129 2562 eine,
152 2484 276 2562 Psalm„
302 2484 375 2562 tur,
398 2485 450 2560 ab
473 2498 504 2548 et
534 2484 616 2548 alibi:
640 2483 734 2568 lytris,
755 2485 886 2568 prendo,
908 2488 971 2563 aiot,

59 2570 176 2652 pluries,
200 2575 327 2658 spirituo
348 2574 568 2656 procellarum,
593 2592 671 2658 quoe
696 2572 813 2655 fuciunt
843 2573 971 2642 verbum

59 2659 128 2738 elue,
152 2662 277 2742 Psalm,
301 2662 375 2738 148,
399 2661 429 2726 8.

331 2799 499 2904 canor
537 2837 692 2907 ιιιιιιιιι.

124 3015 213 3092 Quod
240 3014 445 3104 mediantibus
467 2985 616 3081 creaturae
642 3015 902 3083 intellectualibus

224 3108 307 3172 ultae
330 3117 491 3172 creaturae
511 3117 660 3192 reputatur
682 3125 703 3170 o
726 3106 802 3170 Deo.

124 3281 201 3364 Quia
224 3303 297 3350 uero
323 3283 361 3348 ad
385 3282 608 3370 providentiam
633 3281 769 3348 divinam
793 3284 924 3370 pertinet
940 3297 972 3348 ut

65 3367 135 3434 ordo
157 3387 294 3440 servetur
321 3373 351 3436 in
380 3373 484 3450 rebus,
514 3392 668 3457 congruus
699 3387 802 3437 autem
826 3373 903 3438 ordo
926 3389 973 3438 est

64 3467 130 3552 ttta
153 3462 304 3550 supremis
327 3461 366 3526 ad
390 3461 495 3526 infima
519 3461 726 3526 descendatur
759 3466 972 3549 proportiona-

64 3538 134 3628 liter,
167 3565 286 3640 oportet
320 3551 404 3636 quotl
438 3551 540 3618 diuina
575 3549 766 3640 providentia
800 3552 972 3618 seeundum
