2452 3970
538 191 545 216 Ι

239 233 301 296 176
534 242 590 298 lto.
616 253 655 297 ιιι.
679 253 743 299 eru.
767 255 845 298 ιιιιι.

302 321 353 386 Est
375 321 467 387 etiam
491 323 647 408 quoddam
680 322 815 388 bortrinis
839 319 1025 386 desiderium
1048 341 1161 386 secun·

235 410 310 475 dum
334 411 418 496 quod
442 411 535 476 babet
558 413 710 476 rationem
738 431 798 498 qua
822 408 966 474 interiora
991 409 1160 495 disponere

235 511 345 583 potest;
369 499 580 586 quodquidem
605 514 836 586 consequuntur
858 498 1000 562 homiues
1023 517 1078 583 per
1093 513 1158 564 stu·

199 620 202 641 =
236 587 322 652 diurn
347 590 463 670 activae
485 603 516 654 et
538 589 634 654 ciuilis
657 589 747 666 vitae3
770 586 854 674 qood
870 585 1060 652 desiderium
1076 588 1158 672 priu-

232 677 372 763 eipaliter
395 677 435 742 ad
458 677 518 743 boe
540 692 586 744 est
610 691 643 742 ut
665 690 727 744 tota
750 677 885 742 bominis
909 677 968 740 vita
984 675 1158 740 secundom

232 766 382 831 rationem
418 765 612 852 disponatur,
650 767 734 853 quod
768 781 815 832 est
848 767 950 830 viuere
984 765 1157 829 secundum

233 854 386 932 uirtutem3
409 853 574 939 cujuslibet
597 855 681 920 enim
707 855 832 920 virtuosi
856 853 925 918 bnis
948 852 979 917 in
997 854 1158 940 operando

231 956 276 1008 est
299 943 442 1028 propriae
466 945 584 1010 virtutis
608 945 736 1021 bonum,
766 943 845 1010 sicut
868 941 953 1006 luctis
977 956 1010 1006 ut
1034 940 1156 1006 sortitur

231 1046 310 1114 agat.
334 1030 399 1098 lloe
422 1045 525 1098 autem
556 1032 743 1098 desiderium
768 1046 841 1098 tunc
866 1031 993 1096 onrnino
1017 1030 1154 1116 comple-

230 1119 314 1186 bitur
335 1121 460 1206 quando
492 1121 569 1188 ratio
592 1123 622 1186 in
645 1142 769 1188 summu
805 1121 910 1206 vigore
948 1119 1017 1197 erit,
1050 1119 1154 1184 divino

231 1207 349 1273 lumine
372 1209 596 1292 illustratque
628 1232 644 1276 a
680 1226 763 1276 recto
786 1209 919 1276 deiicere
942 1209 1050 1294 possit.
1075 1208 1153 1273 Con·

229 1311 403 1382 sequuntur
425 1299 517 1364 etiam
534 1299 654 1364 ciuilem
667 1301 758 1364 vitam
772 1299 926 1384 quaedam
943 1297 1024 1360 bona
1042 1297 1154 1382 quibus

230 1385 325 1452 bomo
355 1387 473 1472 indiget
496 1388 535 1452 ad
559 1388 662 1454 civiles
686 1389 891 1474 operationes,
913 1386 990 1450 sieut
1027 1387 1154 1450 lionoris

229 1474 416 1550 sublimitas,
452 1497 545 1562 quam
582 1477 723 1541 bomines
762 1476 936 1540 inordinate
971 1489 1153 1559 appetentes

230 1565 355 1649 superbi
380 1579 410 1628 et
433 1565 585 1630 ambitiosi
612 1566 698 1631 liunt.
722 1565 767 1631 Ad
790 1583 945 1630 summam
969 1577 1075 1628 autem
1101 1566 1153 1628 bo·

228 1653 313 1716 noris
338 1653 530 1720 altitudinem
554 1653 717 1740 perillam
741 1654 890 1718 visionem
925 1652 982 1716 Dei
1007 1652 1153 1716 lronriues
1212 1687 1213 1694 ι

227 1740 444 1815 sublimantur,
453 1745 633 1828 inquantum
648 1742 715 1807 Deo
727 1741 980 1830 quoddammodo
992 1741 1152 1818 uniuntur,

229 1842 261 1892 ut
284 1850 376 1916 supra
399 1833 455 1916 (e.
480 1831 553 1918 51)
584 1845 743 1898 ostensum
778 1846 834 1908 est;
857 1845 886 1895 et
920 1843 1045 1916 propter
1081 1830 1152 1905 boc,

226 1919 306 1982 sieut
329 1920 394 2004 ipse
418 1919 501 1984 Deus
514 1919 577 1985 Rex
600 1920 795 1986 saeculorum
818 1933 875 1998 est,
898 1919 939 1983 ita
962 1933 993 1982 et
1016 1918 1101 1982 beati
1126 1922 1151 1982 ei
1210 1969 1212 2004 ,

227 2005 383 2091 conjuncti
407 2028 496 2094 reges
519 2009 673 2074 dicuntur:
707 2009 889 2096 Repuubuut
922 2028 990 2072 curn
1016 2005 1152 2085 Cbrirto,
1211 2007 1212 2040 l

226 2097 331 2181 Apoe,
354 2096 408 2176 ιθ,
431 2097 462 2161 ι.
486 2097 690 2184 Consequitur
712 2102 805 2164 etiam
822 2099 942 2164 civilem
956 2097 1047 2161 vitam
1062 2095 1150 2161 aliud
1211 2177 1212 2180 Ἴ

226 2185 391 2270 appetibile
414 2186 497 2273 quud
521 2200 566 2251 est
591 2189 691 2252 lamae
714 2188 887 2264 celebritas,
910 2205 967 2273 per
989 2185 1077 2269 cujus
1103 2187 1150 2250 in·

226 2274 402 2340 ordinatum
427 2275 597 2362 appetitum
622 2276 766 2340 lromines
790 2276 888 2342 inanis
904 2273 1019 2359 gloriae
1043 2276 1149 2359 cupidi

225 2362 378 2428 dicuntur.
401 2363 487 2430 boati
512 2380 615 2430 autem
639 2385 694 2450 per
716 2365 799 2430 illarn
814 2365 963 2430 visionem
975 2361 1151 2428 reddentur
1210 2383 1211 2388 ¹

225 2448 374 2532 celebres,
397 2474 459 2518 non
493 2453 666 2520 secundum
696 2453 870 2532 bominum,
906 2452 959 2537 qui
993 2451 1095 2536 decipi
1121 2467 1152 2516 et

224 2537 367 2625 decipere
391 2557 530 2629 possunt,
564 2542 755 2629 opinionem,
778 2543 833 2607 sed
855 2539 1026 2608 secundum
1052 2542 1150 2606 reris-

222 2627 333 2706 simam
359 2631 578 2716 coguitionem,
601 2644 631 2694 et
664 2630 721 2696 Dei
744 2645 773 2696 et
797 2631 938 2696 omnium
972 2628 1150 2706 beatorutm

223 2731 254 2781 et
273 2717 347 2788 ideo
370 2719 421 2784 illa
445 2720 604 2786 beatitudo
628 2719 658 2784 in
682 2719 838 2807 Scriptura
861 2739 947 2785 saera
964 2715 1149 2802 frequentis-

221 2807 301 2870 sime
335 2807 432 2892 gloria
467 2809 655 2885 nominatur,
688 2809 767 2874 sicut
800 2809 920 2874 dicitur:
954 2804 1148 2871 biraltobuut
1209 2833 1210 2900 ι

224 2893 331 2960 Souetr'
352 2897 385 2962 iu
407 2898 520 2982 pierio,
543 2895 667 2977 Psalm,
692 2898 765 2977 llll,
789 2897 819 2962 5.
844 2896 997 2963 listetiam
1013 2908 1044 2960 et
1061 2894 1147 2962 aliud
1209 2901 1210 2922 l

222 2983 357 3050 incivili
382 2985 440 3050 vita
464 2981 640 3072 appetibile,
663 2986 779 3052 seilicet
808 2986 933 3052 divitiae
967 2999 1022 3070 per
1055 2991 1146 3068 cujus
1209 3037 1210 3044 ,

219 3073 429 3140 inordinatum
452 3075 622 3162 appetitum
651 3090 681 3142 et
715 3096 854 3142 amorem
878 3076 1021 3140 bomines
1043 3072 1144 3138 illiue-

219 3161 300 3226 rales
323 3176 354 3228 ct
377 3161 481 3248 injusti
505 3163 591 3230 fiunt.
616 3162 649 3229 ln
672 3164 724 3232 illa
755 3178 858 3230 autem
882 3161 1072 3230 beatitudine
1094 3180 1144 3227 est

219 3249 375 3316 bonorum
398 3253 538 3318 omnium
562 3251 753 3332 sufficientia,
776 3253 959 3340 inquantum
975 3252 1055 3316 beati
1072 3271 1143 3336 per-
1208 3289 1209 3324 t

218 3335 363 3406 fruuntur
387 3340 440 3406 illo
463 3341 546 3427 quod
570 3341 806 3429 comprehendit
828 3344 983 3410 bonorum
999 3345 1142 3406 omnium

217 3425 450 3513 perlectionem
484 3432 716 3517 propterquod
740 3431 861 3498 dicitur:
892 3430 1044 3496 Venerunt
1067 3431 1143 3494 otilri

218 3517 323 3580 omnia
347 3516 427 3583 bono
448 3520 568 3601 puriter
590 3539 659 3585 cum
682 3522 751 3597 illa,
773 3521 844 3605 Sap.
858 3521 890 3602 7,
915 3518 1141 3599 ll;etdicitur:
