2452 3970
212 230 275 296 tot
465 251 521 310 nvn,
545 251 586 296 nr.
610 249 673 298 uta.
697 249 743 296 ιι,
767 250 883 296 urunt.
1224 271 1225 322 3

209 319 375 388 intellectui
400 339 544 404 psaesens
568 319 712 406 perfecte,
737 321 808 405 quio
831 319 911 386 lidos
949 318 989 386 de
1022 321 1136 390 absen·
1224 327 1225 348 ³

210 407 291 474 tibus
313 421 369 482 est,
396 429 459 478 norr
483 408 522 476 de
568 409 771 484 resecatione
809 408 892 478 unde
915 421 946 474 et
968 409 1133 496 Apostolus

209 496 282 564 dicit
317 497 401 583 quod
436 519 527 583 ortam
553 500 585 565 iu
615 518 674 583 per
707 498 803 580 fidem
826 497 1041 578 autumnus,
1076 521 1133 584 pe·
1165 537 1173 552 ·

206 589 404 669 repleamur
427 609 446 654 u
471 587 613 662 Domino,
648 587 668 655 2
696 586 764 654 Cor.
805 586 849 666 ὃ,
887 587 919 665 6;
957 585 993 654 lit
1027 601 1134 656 tamen

208 697 264 759 per
287 675 381 742 lidem
394 677 479 745 Deus
503 695 648 762 praesens
687 674 821 754 aflectui,
851 697 923 745 curn
961 677 1134 746 voluntarie
1224 733 1225 740 ,

208 766 339 830 credens
361 765 429 833 Deo
453 766 607 842 assentiat,
631 765 802 834 seeundum
826 765 911 850 quod
933 764 1135 834 dicitnr:Ha-

208 853 307 922 litore
334 855 490 920 Christum
510 874 568 938 par
590 853 696 937 sidem,
711 856 744 918 irs
770 853 914 920 cordibus
952 857 1076 934 nostris,
1093 856 1134 922 E-

207 945 293 1029 phes.
321 943 352 1020 5,
379 945 429 1010 tt.
452 941 519 1010 Non
544 956 590 1010 est
624 943 717 1028 igitar
747 943 893 1030 possibile
916 943 1001 1028 qnod
1024 945 1055 1014 in
1078 967 1135 1013 co·
1224 943 1225 952 ’

207 1033 345 1116 gnicione
368 1031 439 1100 falci
464 1031 571 1100 ultima
595 1031 724 1102 felicitas
748 1033 883 1098 lsumona
900 1034 1055 1102 consistat.

531 1209 704 1278 canor
737 1209 813 1276 xnr.
876 1177 879 1184 ⁴

187 1429 190 1438 ι
253 1392 342 1472 Quod
363 1392 455 1458 homo
476 1409 538 1454 aon
557 1398 659 1472 potest
679 1387 712 1454 ia
724 1389 857 1458 iutuitu
869 1409 1047 1473 capnosccre
1059 1391 1134 1458 sub-

294 1482 427 1546 stantias
449 1489 679 1561 saporatusper
703 1479 838 1543 studium
861 1492 890 1546 et
903 1479 1134 1564 inquisitionem

293 1571 493 1638 scientiarum
515 1567 1133 1654 speculativarumutuoluitAueutpooe.

272 1749 369 1815 llabet
393 1761 496 1812 autem
519 1759 549 1812 et
562 1743 664 1810 adhuc
679 1745 772 1812 aliam
784 1747 993 1832 cognitionem
1006 1747 1045 1814 de
1061 1747 1132 1812 lleo

206 1837 425 1903 intellectualis
439 1834 618 1902 substantia.
634 1833 758 1900 Dictum
784 1849 830 1902 cst
852 1837 936 1903 enim
976 1835 1022 1926 (l.
1046 1837 1078 1912 2,
1100 1856 1131 1902 c.

207 1927 277 2011 98)
301 1925 384 2011 quod
409 1923 622 1992 intellectualis
645 1922 815 1990 substantia
837 1938 997 2012 separata,
1014 1945 1132 2010 cogno-

206 2016 321 2080 scendo
344 2014 510 2080 essentiam
532 2033 632 2089 suam,
654 2015 813 2097 cognoscit
836 2029 866 2080 et
889 2013 973 2100 quod
998 2023 1057 2080 'est
1079 2035 1133 2080 su·

208 2126 262 2190 pra
286 2125 330 2182 se,
353 2115 384 2168 et
407 2101 490 2189 quod
514 2115 559 2168 est
582 2103 639 2169 sub
663 2123 707 2178 se,
732 2115 761 2166 ct
799 2104 972 2170 seeundum
998 2102 1133 2170 modurn

206 2215 280 2259 suae
302 2193 502 2268 substantiam
526 2189 610 2277 quod
627 2192 793 2277 praecipue
825 2213 955 2259 neeesse
973 2205 1022 2258 εει
1042 2194 1067 2260 si
1092 2192 1132 2256 it-

205 2283 258 2347 lud
282 2283 366 2368 quod
389 2294 435 2346 est
457 2301 550 2365 supra
579 2281 676 2366 ipsam
699 2281 735 2346 sit
758 2301 851 2348 eausa
890 2283 967 2365 eius,
1002 2303 1074 2348 cum
1098 2302 1134 2346 o·

206 2386 326 2456 posteat
349 2372 379 2435 in
403 2370 565 2436 effectibus
588 2368 824 2436 similitudinem
848 2371 980 2438 inveniri
1007 2389 1134 2436 causae.

205 2461 304 2534 Unde,
327 2481 400 2524 cum
423 2460 507 2526 Deus
530 2459 567 2522 sit
590 2477 691 2522 causa·
708 2459 848 2524 omnium
883 2460 1131 2526 substantiarum

206 2550 457 2616 intellectualium
480 2560 666 2622 creatarum,
691 2559 723 2612 ut
761 2567 798 2614 ex
832 2549 1044 2635 superioribus
1084 2550 1133 2630 (l.

206 2641 237 2715 9,
261 2661 286 2705 ε.
313 2639 381 2718 tlt)
413 2651 506 2725 patet,
540 2655 666 2702 neccsse
700 2649 746 2702 est
781 2637 866 2720 quod
905 2639 1131 2705 intellectuales

205 2729 393 2798 substantiae
416 2737 585 2813 separatae,
607 2725 825 2808 cognoscendo
848 2747 937 2792 suam
962 2729 1131 2794 essentium
1224 2765 1225 2770 κ

205 2830 394 2902 cognoscant
417 2836 472 2902 per
510 2813 639 2879 modum
677 2814 804 2880 visionis
827 2815 1002 2900 cujusdam·
1026 2817 1130 2904 ipsum
1224 2889 1225 2892 Ἴ

204 2907 316 2974 Deum.
341 2904 496 2971 llescnim
519 2903 570 2968 illa
589 2921 643 2988 per
665 2901 866 2980 intellectum,
883 2905 1008 2972 visionis
1021 2906 1133 2986 mado,

205 2999 401 3080 cognoscitur
423 2993 510 3078 enjus
548 2990 719 3057 similitudo
756 2992 788 3060 iu
822 2993 980 3060 intellectu
1020 2995 1134 3075 existit,

203 3089 282 3154 sicut
305 3099 334 3151 et
357 3083 525 3151 similitudo
540 3081 584 3144 rei
607 3081 807 3168 corporaliter
823 3085 917 3164 visae,
933 3098 978 3150 est
990 3083 1022 3152 in
1034 3105 1130 3150 sensu

204 3175 345 3240 videntis.
384 3173 579 3258 Quicumque
603 3189 678 3254 ergo
712 3171 886 3241 intellectus
922 3173 1130 3259 apprehendit

203 3264 405 3329 substantiam
440 3274 624 3348 separatam,
658 3260 876 3344 cognoscendo
909 3261 949 3326 tle
971 3281 1007 3326 es
1053 3263 1130 3348 quid

204 3365 260 3432 est,
285 3352 366 3417 videt
389 3351 491 3418 Deum
516 3350 615 3416 altiori
639 3349 734 3416 modo
757 3371 851 3436 quam
874 3350 976 3438 aliqua
1006 3351 1130 3440 praedi-

203 3457 322 3506 ctorum
346 3455 551 3526 cognoscatur
574 3433 634 3523 (l).

256 3547 293 3614 (l)
314 3546 400 3617 Quom
417 3547 510 3616 ulique
525 3545 721 3613 praedicturum
751 3552 927 3614 eopnnscatcr,
959 3546 976 3598 i.
1006 3561 1029 3598 e.
1055 3545 1131 3602 ridet
