2452 3970
392 249 448 294 tta.
474 251 514 294 ru.
539 249 602 296 car.
628 249 695 294 trit.

391 403 415 472 C
427 405 450 472 Α
463 406 486 472 P
499 406 523 472 U
536 406 561 472 T
599 405 687 472 LXff.

87 584 175 666 Quod
198 583 339 650 vitiantes
362 583 518 651 Drumias
537 595 722 670 perpetuum
745 604 814 649 eum
835 581 987 650 videbunt.

135 761 178 826 fix
203 761 265 827 hcc
288 773 391 827 autern
430 774 557 848 apparet
580 761 663 848 quod
702 761 745 826 illi
779 759 834 847 qni
866 761 1006 827 ultimam

69 847 196 916 felicitat
285 867 517 935 consequuntur
549 873 588 917 ex
624 851 742 916 visione
777 850 880 916 diuina
913 871 1005 916 nurn-

69 957 161 1025 quatn
179 939 222 1006 ab
246 937 296 1002 ila
315 938 473 1006 decidunt.

134 1025 242 1092 Omne
266 1027 349 1092 enim
365 1029 449 1114 quod
472 1028 661 1114 quandoque
684 1040 731 1093 cst
754 1040 784 1094 et
818 1027 1005 1116 quandoque

70 1129 207 1182 nonest
235 1129 376 1200 ternpore
409 1129 616 1193 mensuratur,
642 1130 674 1182 ut
713 1131 797 1201 patet
831 1120 861 1183 in
897 1131 1006 1203 quarta

70 1201 278 1290 physicorum
301 1202 403 1288 (tert.
428 1228 542 1272 eornm.
568 1203 671 1287 117).
690 1207 772 1271 Visio
790 1221 896 1273 autern
918 1227 1006 1292 prae·

70 1290 163 1370 dicta,
188 1313 269 1379 quae
294 1293 493 1362 intellectales
517 1308 676 1360 creaturas
699 1294 770 1361 facit
806 1296 920 1370 beatas,
944 1315 1006 1359 non

72 1382 173 1446 estin
201 1397 351 1468 ternpore,
375 1385 429 1449 sed
454 1385 484 1448 in
521 1385 710 1448 aeternitate.
747 1383 938 1470 impossibile
962 1397 1007 1448 est

72 1488 148 1554 ergo
172 1469 270 1557 quud,
293 1491 330 1538 er
353 1491 415 1558 qun
437 1473 518 1538 illins
534 1473 685 1560 particeps
698 1473 817 1559 aliquis,
852 1473 886 1539 fit
908 1472 1006 1558 ipsam

71 1561 207 1625 emittat.

140 1649 261 1723 Adhuc,
286 1646 442 1726 Creatura,
466 1649 679 1714 intellectualis
707 1670 768 1714 non
808 1648 1008 1733 pervenitad

75 1735 222 1804 ultimum
245 1737 351 1816 finem,
376 1739 433 1802 nisi
457 1740 581 1824 quando
605 1738 673 1824 ejus
710 1737 898 1803 desiderium
923 1751 1009 1802 natu·

76 1824 140 1890 rale
180 1827 344 1911 quietatur.
384 1826 466 1892 Sicut
501 1843 605 1894 autern
639 1827 819 1894 naturaliter
856 1826 1009 1892 desiderat

77 1911 266 1994 felicitatem,
300 1915 341 1980 ita
365 1916 544 1982 naturaliter
566 1917 720 1984 desiderat
736 1916 885 1982 felicitatis
900 1937 1009 2002 perpe-

79 2003 230 2080 tuitatern3
246 2025 317 2070 curn
342 2005 426 2068 enim
450 2007 480 2070 in
504 2027 558 2070 sua
583 2006 753 2072 substantia
783 2006 821 2071 sit
851 2018 1010 2092 perpetua,
1040 2037 1041 2042 ¹

78 2089 152 2156 illud
178 2092 263 2178 quod
286 2107 412 2179 propter
434 2114 467 2158 se
480 2093 684 2164 desideraret
701 2115 762 2159 non
777 2107 902 2182 propter
916 2093 1010 2171 aliud,

79 2177 235 2246 desiderat
267 2194 299 2245 ut
321 2201 445 2266 semper
479 2183 667 2248 habendum.
692 2183 759 2248 Nou
798 2183 893 2268 igitur
930 2197 1010 2247 esset

83 2265 213 2334 felicitas
238 2270 363 2337 ultimus
386 2270 467 2342 finis,
490 2273 545 2336 nisi
570 2284 719 2358 perpetuo
737 2285 940 2358 permaneret.

147 2356 413 2444 Amplius,0mue
435 2359 509 2424 illud
534 2361 615 2444 quod
640 2381 710 2424 cum
734 2380 841 2427 amore
873 2360 1009 2446 possidu-

82 2456 141 2524 tur,
164 2448 191 2512 si
216 2449 328 2512 sciatur
351 2447 435 2532 quod
458 2449 642 2535 quaudoque
667 2450 833 2524 amittatur,
857 2449 1008 2513 tristitiam

83 2531 185 2604 infert.
209 2535 404 2602 Visiuautem
430 2537 594 2622 praedicta,
618 2559 697 2622 quae
714 2539 819 2604 beatos
836 2536 916 2614 facit,
940 2557 1011 2604 cunr

82 2622 277 2690 sitnrauinre
314 2625 502 2691 delectabilis
538 2640 567 2690 et
606 2628 740 2692 maxime
779 2627 960 2698 desiderata,
994 2649 1010 2690 a

86 2713 311 2795 possidentibus
334 2733 403 2780 earn
426 2715 560 2780 maxima
584 2731 714 2780 amatur.
733 2715 1012 2798 Ergoitnpnssibile

83 2816 159 2866 esset
177 2823 230 2866 eos
254 2823 315 2866 non
340 2803 460 2880 tristari,
483 2804 508 2868 si
532 2809 643 2868 scirent
666 2824 699 2868 se
733 2803 919 2889 quandoque
943 2823 1012 2866 eam

83 2891 259 2956 amissurus.
298 2890 328 2956 Si
353 2905 455 2956 autent
483 2912 546 2956 nnn
570 2906 650 2956 esset
674 2907 831 2978 perpetua,
856 2891 916 2955 hcc
954 2893 1012 2955 sci·

83 2995 161 3057 rent;
179 2979 245 3063 jann
268 2981 350 3045 enirn
375 2993 531 3044 ostensum
549 2995 593 3044 est
609 2981 660 3065 (c.
679 2981 749 3064 ne)
762 2979 856 3066 quod,
880 2979 1014 3044 videndo

84 3065 217 3132 diuinam
242 3069 454 3145 substantiam,
489 3069 580 3132 etiarn
618 3068 675 3133 alia
711 3081 900 3152 cognoscunt
934 3089 1014 3152 quac

86 3157 263 3224 naturaliter
276 3172 357 3232 sunu
382 3157 464 3222 unde
481 3156 579 3222 multo
603 3157 1014 3241 magisccgnoscnntqualis

86 3241 136 3310 illa
150 3246 225 3312 risio
248 3245 296 3324 sit,
321 3261 423 3312 utrum
447 3259 594 3332 perpetua
609 3245 656 3310 rel
670 3247 856 3331 quandoque
869 3242 1013 3310 desitura.

90 3329 155 3400 Nun
180 3355 254 3420 ergo
278 3334 345 3398 talis
369 3335 445 3401 risio
469 3335 589 3400 adesset
611 3334 678 3399 sine
701 3335 829 3414 tristitia,
853 3333 1012 3422 etitannn

89 3438 166 3487 esset
190 3445 260 3488 uera
285 3423 422 3500 felicitas,
446 3445 525 3509 quae
549 3423 588 3490 ab
612 3423 696 3487 omni
724 3424 806 3490 malo
842 3423 1015 3490 immunem

89 3511 217 3580 reddere
240 3511 342 3592 dehet,
359 3525 390 3579 ut
413 3534 504 3603 supra
529 3516 581 3599 (c.
599 3511 666 3599 te)
690 3528 846 3580 ostensum
870 3525 924 3579 est.
