2462 3968
380 248 435 313 uin.
459 267 499 312 tn.
524 267 587 312 can.
612 267 728 312 cxxxvi.
952 249 1012 314 tot

102 335 215 424 aliquis
247 335 426 402 caelestium
471 357 637 422 corporum
670 335 859 422 impeditur,
893 351 1015 424 oportet

100 427 180 512 quod
205 427 268 492 noa
291 425 330 490 sit
353 445 408 512 per
431 424 564 511 aliquam
587 443 712 490 causam
741 424 944 491 voluntariam
968 427 1017 491 vel

99 516 284 592 naturalem3
309 515 410 580 omnis
433 528 536 579 autem
560 535 652 580 eausa
682 513 852 578 voluntaria
892 515 940 579 vel
962 535 1019 580 na·

99 605 204 670 ruralis
228 603 387 669 reducitur
419 602 457 668 ad
492 604 616 689 aliquod
650 603 782 668 caeleste
820 595 1018 689 principium;

99 714 171 778 ergo
196 693 454 780 impedimentum
478 693 641 758 effectuum
658 691 835 757 caelestium
852 711 1017 778 corporum
1050 685 1052 702 '

99 783 237 868 procedit
262 803 299 847 ex
323 779 476 868 aliquibus
499 781 688 848 caelestibus
712 779 878 866 principiis;
902 782 1021 867 impos-

99 872 186 936 sibile
210 885 259 937 cst
283 890 368 956 ergo,
391 871 415 935 si
439 884 520 936 totus
543 869 620 934 ordo
644 868 828 935 caelestium·
851 889 1018 956 corporum

99 961 191 1026 simul
215 961 394 1045 accipiatur,
417 960 500 1045 quod
524 959 650 1024 effectus
673 959 739 1046 ejus
780 977 915 1044 unquam
952 979 1019 1023 cas·

100 1064 195 1127 setur3
221 1049 306 1114 unde
329 1047 483 1114 concludit
498 1047 580 1135 quod
597 1069 726 1134 corpora
750 1047 892 1111 caelestia
904 1045 1019 1112 iaciunt

101 1139 280 1204 necessario
303 1159 370 1204 csse
393 1137 508 1202 debere
530 1137 666 1214 effectus
681 1138 713 1202 in
729 1136 793 1200 istis
811 1134 1019 1213 inferioribus,

102 1241 163 1292 tam
188 1229 379 1293 voluntarios
412 1247 504 1312 quam
543 1227 707 1291 naturales.
730 1261 774 1273 --
797 1223 879 1290 llaec
915 1239 1018 1291 autem

101 1317 189 1392 ratio,
215 1331 249 1380 ut
272 1316 446 1382 Aristoteles
469 1316 549 1380 dicit.
563 1316 578 1400 (
592 1315 723 1401 Physic,
745 1314 777 1391 2,
798 1326 869 1379 text.
903 1334 1016 1378 comm.

102 1405 144 1470 ld
167 1419 198 1470 et
234 1405 349 1489 infra),
383 1404 438 1470 luit
475 1403 682 1490 quorumdam
720 1403 929 1488 antiquorum,
966 1405 1019 1490 qui

101 1495 259 1578 negabant
282 1515 387 1560 casum
411 1510 441 1560 ct
463 1493 618 1558 loctunam
634 1513 689 1578 per
711 1493 770 1556 hoc
793 1491 876 1577 quod
914 1512 1019 1577 cujus·

103 1583 176 1648 libet
213 1582 339 1649 effectus
363 1598 408 1648 est
436 1584 536 1668 aliqua
560 1601 651 1646 causa
675 1580 888 1657 determinata
923 1582 1021 1666 posita

102 1685 207 1737 autem
233 1693 334 1751 causa,
358 1673 481 1758 ponitur
503 1671 629 1736 ellectus
651 1671 691 1735 de
707 1671 899 1743 necessitate;
915 1683 945 1734 et
968 1671 1023 1746 sic,

104 1779 173 1825 cum
205 1761 311 1826 omnia
349 1761 388 1826 de
426 1761 606 1826 necessitate
645 1758 838 1843 proveniant,
875 1777 940 1822 uon
977 1772 1024 1823 est

105 1848 220 1935 aliquid
245 1849 403 1915 fortuitum
428 1869 527 1937 neque
552 1849 684 1914 casuale.
712 1847 796 1912 Hanc
813 1859 918 1912 autem
933 1848 1024 1913 ratio·

107 1957 177 2002 nem
201 1940 268 2026 ipse
302 1939 476 2004 Aristoteles
514 1937 604 2003 solvit
638 1936 849 2024 (lletaphys.‚
889 1935 919 2014 6,
950 1950 1024 2002 text.

108 2046 221 2092 comm.
246 2027 265 2092 7
281 2027 306 2114 ),
329 2027 471 2112 negando
495 2026 570 2092 duas
587 2027 810 2114 propositiones
822 2025 932 2112 quibus
948 2027 1025 2091 haec

109 2116 185 2180 ratio
211 2118 313 2181 utitur.
338 2117 478 2198 Quarum
502 2137 562 2181 una
594 2130 639 2180 est
672 2114 767 2200 quod,
802 2115 898 2200 posita
932 2135 1023 2180 causa
1081 2193 1087 2198 .
1163 2139 1168 2148 ·

110 2223 319 2292 quacumque,
340 2225 465 2271 necesse
503 2205 541 2268 sit
563 2203 630 2288 ejus
668 2205 813 2269 ellectum
847 2201 930 2288 poni:
965 2203 1024 2268 hoc

111 2294 193 2359 enirn
217 2315 280 2359 non
304 2308 425 2379 oportet
448 2296 478 2358 in
502 2293 646 2358 omnibus
671 2293 781 2370 causis,
805 2291 887 2377 quia,
922 2290 1023 2376 aliqua

110 2401 201 2448 causa
226 2384 355 2448 licetsit
380 2404 490 2470 perse
528 2395 558 2446 et
581 2382 704 2468 proprie
740 2401 831 2446 causa
869 2379 1023 2446 sufficiens

107 2470 235 2558 alicujus
257 2472 392 2550 allectus,
405 2483 503 2558 potest
519 2483 622 2536 tamen
648 2469 801 2556 impediri,
817 2487 854 2534 ex
866 2489 1021 2534 concursu

108 2559 232 2640 alterius
255 2581 375 2639 causae,
399 2574 515 2626 utnon
538 2571 683 2646 sequatur
704 2559 840 2624 effectus.
863 2558 928 2624 Alia
951 2577 1021 2644 pro·

109 2650 218 2729 positio
241 2665 286 2716 est
308 2669 401 2737 quam
424 2663 527 2734 negat,
549 2647 711 2733 (dicens)
735 2647 819 2733 quod
841 2668 903 2712 non
927 2667 1022 2712 omne

110 2739 190 2820 quod
213 2752 259 2803 est
281 2758 477 2825 quocumque
500 2737 594 2802 modo
617 2735 711 2803 habet
739 2756 863 2802 causam
898 2756 953 2821 per
977 2756 1023 2808 se,

109 2826 162 2891 sed
184 2827 285 2892 solum
309 2847 344 2892 ea
368 2845 446 2914 quae
469 2841 540 2891 sunt
562 2845 618 2912 per
641 2845 685 2903 se;
708 2845 791 2911 quac
815 2836 919 2888 autcm
953 2837 1025 2889 sunt

112 2933 165 2998 per
187 2916 329 2982 accidens
351 2936 414 2982 non
449 2915 564 2981 habent
601 2914 736 2999 aliquam
774 2933 911 2988 causam;
949 2915 1027 2978 sicut

112 3005 195 3088 quod
218 3006 256 3070 sit
279 3007 430 3072 musicum
443 3003 537 3070 habet
553 3002 687 3086 aliquam
703 3021 827 3067 causam
846 3002 1028 3079 innomine,

113 3094 194 3176 quod
218 3107 320 3159 autem
346 3096 440 3160 homo
463 3093 501 3158 sit
523 3091 618 3156 simul
642 3091 731 3156 albus
754 3104 784 3155 ot
807 3091 942 3155 musicus
967 3112 1029 3156 non

114 3178 206 3248 habet
243 3183 377 3270 aliquam
412 3203 548 3258 causam;
588 3199 804 3266 quaecumque
840 3181 924 3244 onim
958 3193 1030 3245 sunt

112 3269 203 3336 simul
227 3286 351 3359 propter
374 3272 508 3358 aliquam
532 3291 658 3335 causam
682 3268 824 3334 ordinem
849 3269 966 3333 liabent
990 3268 1029 3334 ad

114 3355 244 3426 invicem
268 3382 305 3426 ex
328 3361 377 3426 illa
401 3379 504 3428 causa:
527 3379 607 3444 ulae
630 3374 733 3424 autem
757 3370 829 3422 sunt
859 3378 914 3444 per
952 3361 1030 3424 acci-

110 3443 191 3522 dens
215 3471 276 3515 non
302 3449 416 3516 habent
438 3449 579 3515 ordinem
602 3449 640 3514 ad
664 3448 806 3524 invicem3
840 3468 903 3512 non
937 3448 1029 3533 igitur

117 3550 187 3603 suut
209 3558 246 3605 ex
268 3537 369 3625 aliqua
392 3559 483 3606 causa
507 3559 563 3627 per
585 3557 618 3603 se
641 3551 761 3624 agente,
784 3537 838 3604 sed
855 3537 955 3604 solum
972 3559 1030 3626 por
