2516 3968
185 225 250 291 ild
494 248 554 293 ιιι.
576 224 620 293 ιιι.
644 247 710 294 mr.
734 246 811 293 eurr.

496 403 671 470 CAPUT
702 403 802 473 clvl.

247 525 338 608 Quod
358 525 412 590 ille
434 525 487 610 qui
508 527 626 592 decidit
644 548 666 592 ιι
687 529 792 613 qratia
810 545 873 612 per
891 539 1053 610 peecatum

317 625 421 701 potest
440 616 554 680 iterum
575 637 633 700 per
655 617 792 704 qratiam
824 620 982 698 reparari.

254 755 297 822 Ex
320 757 369 822 his
390 770 497 822 autem
518 767 645 843 apparet
667 754 752 841 quod
786 775 843 842 per
876 759 1025 824 attilium
1049 779 1120 845 gre·

188 844 249 910 tiae
271 844 378 924 homo,
400 847 495 912 etiam
517 847 542 910 si
566 866 631 910 non
653 847 906 930 perseveraverit,
919 848 975 913 sed
998 849 1030 913 in
1047 868 1120 937 pee-

188 946 292 1000 catum
315 934 471 1010 ceciderit,
495 947 597 1020 potest
618 933 755 1020 reparari
792 933 832 998 ad
855 934 985 1002 bonum.

257 1021 401 1107 Ejusdem
424 1025 507 1088 enim
531 1023 651 1088 uirtutis
686 1035 734 1086 oet
769 1023 952 1090 continuare
988 1024 1120 1090 salutem
1253 1011 1254 1020 ἵ

160 1107 318 1196 ‘alicujus
340 1126 372 1177 et
393 1113 599 1198 interruptam
631 1129 786 1197 reperere,
824 1112 904 1177 sieut
940 1115 1026 1180 enim
1065 1133 1122 1201 per

190 1199 334 1266 virtutem
358 1203 530 1267 naturalem
552 1201 750 1266 continuatur
772 1200 886 1266 sonitus
923 1202 954 1267 in
979 1222 1121 1283 corpore,

192 1288 233 1353 itu
257 1309 313 1374 per
334 1291 478 1356 eamdem
502 1290 648 1356 virtutem
681 1288 854 1354 numatam
888 1292 1004 1358 sanitas
1026 1293 1122 1356 inter-

193 1390 286 1462 rupta
306 1394 474 1463 reparetur.
500 1379 600 1444 llomo
623 1390 728 1442 autem
757 1394 933 1463 perseverat
970 1381 1002 1446 in
1026 1380 1123 1458 bono,

194 1466 308 1531 auxilio
330 1467 452 1534 divinae
475 1468 602 1552 gratiae,
626 1480 660 1531 ut
682 1471 739 1549 (e.
765 1467 858 1552 tut)
880 1482 1042 1535 ostensum
1065 1482 1124 1535 est.

196 1554 303 1638 Igitur,
325 1556 351 1622 si
374 1577 429 1644 per
452 1570 615 1644 peceatum
638 1555 742 1640 lapsus
764 1554 865 1633 luerit,
888 1555 1029 1642 ejusdem
1051 1578 1126 1644 qm.
1254 1559 1255 1572 ι

195 1645 257 1708 tiae
279 1646 394 1711 auxilio
417 1646 528 1732 poterit
551 1644 697 1730 reparari.

264 1732 383 1813 Adhuc,
407 1737 520 1820 Agens,
542 1732 626 1820 quod
650 1752 712 1798 non
736 1732 866 1819 requirit
888 1733 1126 1822 dispositionem

199 1821 230 1888 in
252 1822 393 1908 subjecto
428 1836 528 1909 potest
564 1841 655 1886 sunm
693 1819 839 1887 ellectum
875 1822 1055 1912 imprimere
1094 1823 1126 1888 in

196 1909 371 1996 subjeetum
407 1911 674 1997 qualitercumque
706 1909 901 1997 dispositum
935 1925 968 1978 et
1000 1924 1128 1998 prepter
1255 1981 1256 2002 q

199 1999 259 2064 hoo
282 1999 378 2078 Deus,
400 2001 452 2086 qui
477 2000 507 2063 in
532 2000 654 2082 agendo
688 2019 750 2064 nnn
786 2001 914 2084 requirit
951 2001 1128 2088 subjeetum

199 2086 394 2174 dispositum,
418 2101 516 2170 potest
539 2088 656 2173 absque
679 2087 879 2174 dispositione
912 2089 1041 2175 sabjecti
1065 2089 1129 2155 lor·

199 2197 284 2242 mam
308 2177 480 2242 naturalem
504 2176 661 2252 inducere,
683 2188 790 2262 utpote
818 2177 894 2242 dum
927 2199 1054 2244 caseum
1090 2179 1128 2245 il-

198 2265 330 2332 luminat
352 2280 383 2331 et
407 2280 563 2331 mortuum
587 2264 729 2341 vivificat,
751 2278 782 2330 et
804 2267 848 2330 sie
885 2267 925 2332 de
962 2268 1128 2334 similibus.

147 2395 150 2402 ,
199 2354 273 2428 Sed,
295 2357 374 2420 siout
394 2375 459 2420 non
482 2354 609 2441 requirit
632 2353 866 2437 dispositionem
897 2357 1070 2422 naturalem
1094 2358 1127 2424 in

200 2442 340 2527 subjecto
364 2464 525 2530 corporeo,
549 2444 589 2507 ita
614 2463 676 2506 non
700 2444 829 2527 requirit
850 2447 997 2512 meritum
1023 2447 1054 2510 in
1071 2466 1126 2510 vo·

199 2531 316 2598 luntate
340 2531 380 2596 ad
402 2533 533 2617 gratiam
555 2529 787 2608 eonferendum,
824 2533 896 2618 quia
918 2535 985 2600 sine
1008 2535 1128 2601 meritis

200 2619 302 2698 datur,
325 2634 359 2685 ut
381 2635 539 2686 ostensum
562 2633 608 2685 est
645 2623 702 2705 (e.
743 2620 843 2704 ltu)
878 2621 958 2708 Ergo
995 2624 1128 2708 gratiam

199 2723 323 2795 gratnm
346 2708 521 2787 facientem,
544 2728 705 2795 perquam
729 2721 852 2795 peceata
868 2711 1027 2791 tollumun
1041 2713 1129 2779 Deus

200 2799 291 2866 ulieui
315 2797 458 2865 eonlerre
480 2811 590 2885 potest,
612 2798 705 2862 etiarn
729 2810 893 2885 postquam
915 2821 932 2866 a
955 2801 1053 2886 gruta
1076 2821 1129 2867 ue·

200 2887 275 2955 oidit
297 2909 354 2974 per
377 2901 548 2973 peceatum.

168 2975 173 2982 '
269 2976 420 3062 Amplius,
445 2977 484 3040 Ea
507 2973 575 3040 solo
596 2974 692 3040 homo
715 2995 899 3061 remunerare
927 2977 1040 3045 ammsa
1063 2999 1129 3045 non

201 3078 301 3154 potest
323 3083 403 3151 quae
426 3085 481 3151 per
504 3066 734 3148 generationem
767 3066 796 3130 ei
834 3065 1014 3146 adveniunt,
1050 3068 1131 3134 sieut

202 3155 355 3242 potentias
378 3153 533 3218 naturales
555 3165 585 3218 et
608 3152 760 3230 membra,
783 3174 821 3220 eo
847 3155 931 3241 quod
947 3156 1042 3222 homo
1064 3177 1128 3222 nou

201 3256 303 3332 potest
338 3244 454 3307 iterum
491 3243 643 3326 generari.
681 3241 836 3308 Auxilium
870 3258 973 3309 eutem
1011 3246 1129 3330 gratioe

201 3332 293 3398 datur
315 3331 445 3410 homini,
469 3351 531 3396 non
556 3350 611 3416 per
634 3332 877 3415 generationem,
892 3333 947 3398 sed
964 3347 1128 3420 postquam

199 3421 265 3506 jam
289 3433 344 3484 est.
369 3420 472 3484 Potest
495 3420 598 3504 igitur,
620 3433 690 3506 post
712 3421 911 3486 amissionem
934 3422 1050 3502 gratiae
1073 3442 1130 3511 per

204 3522 375 3594 peecatum,
397 3507 512 3573 iterum
535 3508 671 3594 reparari
693 3508 733 3575 od
754 3523 881 3598 peecata
918 3509 1061 3578 delenda.
1186 3583 1193 3593 ,
