2494 3970
336 216 391 260 uu.
416 217 458 260 ru.
482 215 546 260 cur.
563 216 643 260 xxxi.
668 215 703 259 rr
725 217 815 260 sarit.
1008 199 1046 263 91

122 285 185 350 lius
212 283 297 350 enim
322 298 369 350 εει
391 285 422 349 id
446 303 508 370 quo
540 285 645 350 nullus
681 285 762 350 male
794 285 837 350 uti
859 297 969 370 potest.
993 285 1050 352 Po-

123 373 225 440 tentia
249 386 352 440 autem
376 373 488 459 aliquis
511 372 591 438 bene
613 387 644 440 ει
666 374 747 439 male
771 374 814 438 uti
844 385 954 460 potest,
977 395 1049 441 nam

120 475 295 562 potestates
319 461 489 528 rationales
511 461 551 528 ad
574 463 714 550 opposita
744 475 825 528 sunt.
865 461 933 528 Non
957 467 1049 530 esti·

119 551 210 636 gitur
234 565 367 638 potestas
391 551 527 617 humana
566 573 727 617 summum
750 550 885 617 hominis
920 552 1049 618 bonum.

194 639 371 718 Praeterea,
395 639 426 704 Si
442 641 542 725 aliqua
566 653 699 727 potestas
730 653 775 706 est
813 660 971 706 summum
995 642 1050 707 bo

119 747 219 807 num,
252 741 373 814 oportet
407 727 489 794 illam
513 748 581 794 esse
608 729 872 816 perfectissimam.
914 728 1051 796 Potestas

120 830 235 882 autem
259 817 404 902 humana·
423 831 468 883 est
490 817 766 904 imperfectissima
793 818 946 884 radicatur
968 821 1051 886 enim

121 908 156 972 in
184 906 352 972 hominum
377 906 583 974 uoluntatibus
607 919 637 972 ot
660 908 868 994 opinionibus,
885 907 916 972 in
939 908 1051 994 quibus

120 1008 171 1062 cst
196 995 333 1060 maxima
356 996 569 1062 inconstantia:
586 1009 616 1076 et
640 1010 756 1082 quanto
780 997 877 1082 magis
893 1007 1052 1084 reputatur

119 1097 277 1170 potestas,
301 1097 425 1150 tantoa
460 1084 599 1188 pluribus
637 1085 800 1170 dependet,
838 1084 922 1168 quod
959 1087 1052 1151 etiam

118 1173 164 1238 ad
190 1171 261 1258 ejus
285 1173 474 1238 debilitatem
499 1176 642 1259 pertinet,
666 1194 737 1239 cum
768 1173 857 1262 quod
894 1195 912 1239 a
947 1173 1051 1240 multis

121 1261 285 1363 dependet
308 1262 424 1328 destrui
447 1261 657 1350 multipliciter
680 1263 784 1348 possit.
807 1263 876 1328 Non
899 1275 945 1328 est
960 1263 1052 1349 igitur

47 1401 49 1406 .
121 1349 154 1414 in
181 1363 335 1436 potestate
358 1351 494 1440 humana
516 1369 674 1417 summum
696 1352 833 1417 nominis
855 1352 983 1418 bonum.

195 1439 368 1505 Felicitas
358 1434 453 1525 igitur
476 1439 640 1505 hominis
633 1460 665 1504 m
689 1441 774 1504 nullo
797 1441 880 1506 bono
908 1441 1051 1506 exteriori

124 1527 279 1606 consistit,
301 1546 373 1594 cum
397 1529 501 1594 omnia
523 1529 675 1594 exteriora
699 1529 790 1630 bona,
813 1549 893 1615 quae
909 1529 1052 1596 dicuntur

126 1615 214 1683 bona
239 1616 389 1694 fortunae,
408 1617 467 1682 sub
490 1617 653 1705 praedictis
676 1617 901 1684 contineantur.

456 1793 626 1860 oaeur
650 1757 782 1860 ''xxxu

179 1973 270 2054 Quod
290 1973 424 2060 (elicium
445 1993 508 2038 oon
529 1975 667 2040 consistit
698 1975 733 2038 iu
754 1973 839 2039 bouis
862 1977 1010 2060 corporis

199 2149 291 2232 Quod
315 2121 417 2216 autem
441 2150 545 2225 necin
569 2151 707 2239 corporis
743 2150 845 2225 bonis,
880 2149 1055 2236 cujusmodi

130 2253 205 2305 sunt
227 2239 351 2318 sanitas,
374 2229 571 2326 pulchritudo
593 2255 624 2304 et
647 2239 788 2318 robur,
765 2254 803 2305 srt
826 2240 960 2305 lromrnrs
972 2261 1055 2306 sum
1102 2301 1104 2306 ,
1145 2240 1149 2246 ’
1201 2298 1204 2304 .

132 2349 222 2394 muru
247 2328 377 2432 bonum,
401 2347 456 2414 per
478 2328 587 2392 similia
611 2327 772 2394 manifeste
795 2343 972 2416 apparet
1013 2343 1019 2352 ’

201 2416 283 2482 Ηεεε
305 2419 388 2484 enim
411 2417 503 2482 etiam
527 2417 617 2491 bouis
634 2433 663 2482 et
686 2417 775 2482 malis
790 2417 1056 2482 communiasunt

136 2520 168 2572 ει
192 2505 343 2584 instabilia
366 2517 447 2579 sunt,
470 2518 500 2570 et
522 2507 670 2571 voluntati
698 2526 761 2570 non
797 2505 965 2591 subjacent.

203 2579 377 2672 Praeterea,
400 2595 512 2659 Anime
525 2610 570 2661 est
594 2597 705 2660 melior
728 2615 869 2697 corpore,
885 2595 968 2696 quod
991 2615 1054 2660 non
1142 2649 1145 2654 ,

134 2684 209 2749 vivit
230 2704 289 2748 nec
312 2682 467 2786 praedicta
491 2683 571 2749 bona
597 2685 688 2750 habet
726 2683 783 2747 nisi
812 2705 895 2770 per
908 2685 1057 2772 anitnam.¹
1088 2727 1090 2732 -

133 2772 288 2838 Bonum
281 2774 372 2857 igitur
396 2773 529 2852 animae,
551 2775 628 2838 sicut
652 2765 823 2857 intellig'ere
861 2785 891 2854 ει
914 2773 972 2837 εΙίε
997 2774 1054 2837 bu·

132 2861 280 2946 jusmodi,
296 2876 342 2926 est
364 2861 474 2927 melius
498 2882 591 2946 quam
614 2862 791 2928 bonumne
772 2882 903 2964 )ροειε
926 2859 992 2926 Non
1010 2855 1065 2926 εει

44 3005 55 3022 .,
135 2949 514 3037 igiturcorporisbonum
536 2967 693 3016 summum
713 2951 859 3019 hominis
882 2943 1010 3014 bonum
1119 2973 1122 2980 ’

203 3037 324 3118 Adhuc,
348 3039 429 3103 llaec
453 3039 533 3104 bona
558 3053 629 3104 sunt
651 3029 770 3104 homini
795 3052 825 3103 et
849 3036 915 3102 aliis
939 3039 1055 3104 anima

135 3126 217 3194 libus
239 3129 425 3193 communia.
449 3127 587 3193 Felicitas
611 3141 715 3218 autem
738 3139 783 3192 est
816 3127 976 3229 proprium
1000 3129 1054 3192 ho-

136 3217 230 3282 minis
253 3217 381 3283 bonum.
404 3215 477 3282 Non
496 3230 541 3282 est
558 3217 656 3302 igitur
684 3204 716 3281 in
755 3215 929 3303 praemissis
967 3216 1056 3282 bonis

114 3333 119 3348 ··
138 3305 275 3370 hominis
298 3301 436 3372 felicitas.
1086 3361 1123 3388 .,.

204 3394 353 3480 Amplius,
392 3395 483 3460 Multa
521 3393 676 3472 aninralia,
714 3406 863 3488 quantum
898 3392 936 3458 ad
973 3394 1054 3460 bona

105 3521 107 3528 ·
140 3485 288 3571 corporis,
310 3496 381 3550 sunt
403 3485 528 3551 humine
551 3485 679 3571 potiore:
701 3479 854 3598 quaedam
877 3485 960 3548 enim
984 3497 1054 3550 suut

740 3617 762 3657 s

710 3668 733 3708 J
