2462 3968
209 211 277 274 ulo
512 227 570 272 ιιιι.
593 229 633 274 ιιι.
659 228 722 275 car.
745 207 834 276 cxxii.

208 298 299 365 ximis
322 294 415 383 aliqui
438 294 563 362 effectus
587 298 731 364 dicuntur
755 298 921 364 necessarii
945 297 993 364 vel
1017 297 1145 364 eontin-

210 401 329 488 gentes,
353 407 415 450 non
440 399 542 451 autem
566 405 604 452 ex
627 389 753 452 remotis
777 389 888 460 causis,
911 408 984 452 nam
1011 385 1144 452 fructifi-

211 477 290 542 catio
315 474 436 563 plantae
460 486 505 540 est
517 473 642 542 allectus
654 491 836 560 contingens
864 489 988 563 propter
1012 496 1144 542 causam

211 567 395 658 proximam,
419 585 498 649 quae
522 579 568 630 est
591 565 635 629 ris
671 567 885 649 germinativa,
920 585 999 651 quae
1038 577 1145 651 potest

211 649 354 756 impediri
378 665 408 716 et
431 652 574 732 deiicere,
596 655 737 740 quamvis
754 675 845 720 eausa
871 669 1000 732 remota,
1023 653 1145 730 scilieet

212 743 269 820 sol,
291 743 329 807 sit
352 762 444 809 causa
468 762 504 806 ex
527 743 707 808 necessitate
734 763 840 827 agens
864 742 961 808 Cum
955 745 1046 828 igitur
1060 742 1145 806 inter

212 852 320 898 causas
344 831 499 917 proximas
522 833 618 896 multa
634 833 695 896 sint
718 852 798 917 quae
824 831 961 898 delicere
999 844 1145 917 possunt,

211 941 275 986 non
314 939 423 984 omnes
461 918 586 986 effectus
623 921 677 1005 qni
714 921 926 1006 providentiae
963 919 1145 986 subduntur

213 1023 304 1074 erunt
327 1028 433 1072 necess
427 1009 500 1086 arii,
513 1009 567 1074 sed
592 1009 714 1096 plurimi
732 1023 804 1074 suot
827 1011 1048 1110 contingentes.

266 1095 399 1174 Adbuc,
433 1097 478 1161 td
516 1099 652 1162 divinam
690 1098 914 1183 providentiam
953 1099 1088 1182 pertinet
1111 1110 1147 1161 ut

216 1187 329 1274 gradus
352 1186 469 1251 entium
493 1188 545 1273 qui
569 1187 729 1272 possibiles
752 1201 824 1253 sunt
847 1187 1085 1274 adimpleantur,
1109 1199 1148 1250 ut

216 1299 253 1342 ex
275 1275 457 1362 supradictis
482 1280 522 1364 (c.
546 1277 603 1358 71)
628 1289 720 1362 patet.
760 1277 820 1342 Ena
855 1292 958 1342 autem
996 1275 1148 1340 dividitur

217 1387 273 1453 per
296 1366 476 1450 contingens
500 1377 531 1428 et
555 1365 775 1442 necessariom;
798 1377 827 1430 et
851 1379 897 1430 est
920 1385 1019 1452 perse
1034 1364 1148 1429 divisio

217 1456 305 1520 entis.
320 1454 371 1518 Si
365 1453 572 1538 igiturdivina
596 1455 790 1544 providentia
814 1454 993 1520 excluderet
1016 1473 1149 1518 omnem

218 1543 471 1628 contingentiam,
495 1564 557 1608 oon
582 1563 690 1610 omnes
720 1543 834 1627 gradus
866 1545 986 1609 entium
1019 1563 1150 1607 conser-

218 1647 374 1698 vorentur.

287 1721 440 1820 Amplius,
463 1720 586 1820 Quanto
610 1720 711 1806 aliqua
735 1733 806 1786 sunt
831 1719 1048 1822 propinquiora
1063 1717 1147 1798 Deo,

219 1822 304 1875 tanto
321 1809 418 1892 magis
431 1807 508 1872 de
482 1829 547 1893 equs
561 1809 760 1874 similitudine
784 1811 974 1896 participatae
985 1822 1015 1872 et
1027 1821 1147 1910 quanto

220 1902 319 1982 magis
359 1899 482 1973 distant,
521 1911 605 1991 tanto
644 1901 742 1985 magis
780 1897 1056 1963 asimilitudine
1049 1898 1148 1982 ipsius

220 1986 377 2051 deliciunt.
403 1985 456 2050 llla
479 1999 582 2050 autem
607 2007 687 2072 quae
710 2001 782 2054 sunt
805 1987 871 2052 Deo
886 1986 1148 2073 propinquissima

220 2090 292 2141 sunt
315 2073 443 2140 omnino
467 2075 650 2176 immobilia,
672 2079 786 2142 scilicet
809 2076 998 2146 substantiae
1020 2095 1148 2160 separa·

220 2178 281 2244 tae,
305 2183 383 2249 quae
407 2165 540 2228 maxime
564 2165 602 2228 ad
631 2165 688 2229 Dei
713 2165 946 2235 similitudinem
985 2163 1150 2242 accedunt,

221 2255 273 2340 qui
297 2267 343 2318 est
366 2253 494 2318 omnino
532 2253 711 2332 immobilis;
749 2275 785 2319 ea
825 2267 929 2318 autem
962 2273 1042 2340 qnae
1075 2267 1149 2318 sunt

220 2342 270 2406 bis
294 2343 432 2428 proxima
456 2355 485 2407 et
508 2356 673 2408 morentur
696 2342 873 2408 immediate
897 2342 937 2406 ab
976 2343 1033 2420 bis,
1067 2362 1149 2428 quae

222 2449 346 2516 semper
369 2431 480 2495 eodem
505 2431 599 2495 modo
623 2451 655 2497 se
679 2432 804 2506 babent,
828 2429 997 2516 quamdam
1033 2431 1149 2496 immo·

222 2519 347 2584 bilitatis
371 2522 503 2605 speciem
528 2519 709 2585 retinentia
727 2522 785 2585 boo
798 2519 882 2604 quod
899 2539 1022 2606 semper
1034 2519 1148 2584 eodem

222 2607 317 2672 modo
330 2621 502 2686 morentur,
517 2608 595 2672 sicut
610 2627 739 2694 corpora
752 2609 903 2674 caelestia.
916 2607 1061 2694 Sequitur
1073 2629 1148 2692 ergo

223 2696 306 2784 quod
330 2716 366 2761 ea
390 2717 469 2782 quae
492 2711 723 2782 consequuntur
747 2698 785 2763 ad
810 2700 876 2776 ista,
899 2710 929 2762 et
941 2696 979 2761 ab
996 2698 1040 2762 eis
1063 2712 1147 2762 mota

221 2786 345 2871 longius
369 2785 407 2850 ab
431 2785 645 2850 immobilitate
669 2785 725 2850 Dei
750 2786 871 2866 distant,
893 2786 1051 2850 utscilicet
1084 2807 1147 2850 noo

223 2894 347 2963 semper
370 2873 481 2938 eodem
504 2873 598 2939 modo
623 2890 815 2953 moveantur;
839 2891 870 2939 et
892 2875 924 2938 in
949 2876 1007 2939 boc
1031 2875 1147 2940 ordinis

223 2963 419 3050 pulchritudo
443 2977 578 3050 apparet
603 2961 705 3030 Ontoe
728 2979 832 3028 autem
856 2963 1079 3042 necessarium,
1116 2965 1148 3028 in

160 3115 162 3120 ,
223 3066 373 3138 quantum
397 3051 583 3136 hujusmodi,
606 3073 729 3140 semper
751 3053 861 3118 eodem
886 3051 979 3116 modo
995 3073 1029 3117 se
1045 3053 1148 3118 babet
1221 3045 1222 3102 3

161 3147 163 3156 '
224 3142 452 3238 Repugnaret
445 3141 538 3226 igitur
561 3142 683 3206 divinae
719 3142 940 3228 providentiae,
978 3141 1017 3206 ad
1056 3162 1150 3228 quam
1221 3183 1222 3218 2

224 3231 357 3330 pertinet
380 3227 553 3295 ordinem
545 3251 577 3294 ιιι
600 3231 693 3296 rebus
716 3244 850 3296 statuere
889 3244 919 3296 et
955 3251 1148 3320 conservare,
1221 3243 1222 3316 f

223 3320 249 3382 Sl
272 3337 377 3382 omnia
401 3338 437 3382 ex
464 3319 645 3384 nedflSSliflle
667 3322 838 3385 elenll'sslli.

290 3405 463 3485 Praeterea,
488 3407 579 3488 Quod
605 3409 812 3474 necessarium
851 3421 897 3473 est
934 3429 1002 3474 esse
1025 3429 1148 3512 semper
1221 3413 1222 3460 t

225 3508 281 3560 est.
304 3493 460 3559 ΝιιΙΙιιιιι
451 3510 556 3560 autem
581 3498 780 3584 corruptibile
803 3517 926 3586 semper
938 3511 992 3564 est
1007 3499 1062 3565 Si
1054 3499 1147 3586 igitur
