2516 3968
437 234 492 280 tra
516 233 764 280 tractantur.
857 267 858 270 ,
913 201 917 212 ’
989 211 1069 282 ddi

194 299 314 376 Adbuc,
337 301 483 368 Eadem
472 303 607 390 justitiae
635 303 753 370 ratione
791 321 891 388 poena
926 304 1059 389 precatis

127 389 267 456 redditur
290 402 320 454 et
341 389 432 457 bonis
455 392 573 459 actibus
595 393 778 479 praemium.
802 389 978 456 Praemium
1003 413 1058 458 au-

127 488 191 545 tern
213 479 333 544 virtutis
356 495 402 562 est
425 479 593 558 beatitudo,
615 480 833 568 quaequidem
854 492 901 544 est
923 494 1059 558 aeterne,

128 579 275 656 utsupra
300 581 456 636 ostensum
480 583 535 639 eet
560 571 638 654 Ergo
669 583 699 634 et
734 589 833 657 poene
868 588 929 656 qua
951 570 1060 655 quise

128 656 321 723 beatitudine
344 659 622 726 excluditurdebet
644 678 711 724 ease
734 671 871 724 aeterua

196 745 273 812 Hinc
295 759 341 812 eat
364 747 446 851 quod
484 747 604 814 dicitur:
629 746 720 813 Ibunt
742 747 819 812 1ιὶ
807 769 841 813 tn
874 742 1060 831 suppliciunt

129 846 301 1004 prperppm,
312 837 395 920 justi
415 848 518 904 nutent
546 838 581 902 ιἰι
609 837 707 902 uitem
736 847 906 916 octonum,
943 837 1065 915 barin,

197 1012 257 1080 Per
279 1013 339 1080 boc
360 1027 463 1081 autem
485 1013 657 1082 excluditur
685 1033 773 1082 error
794 1014 962 1082 dicentium
987 1034 1062 1102 poe-

131 1121 188 1168 nas
210 1103 364 1169 malorum
388 1104 576 1192 quandoque
613 1124 681 1170 esse
715 1104 936 1172 terminandae.
970 1103 1064 1206 Quae

132 1191 259 1280 quidem
275 1191 386 1278 positio
410 1208 511 1260 ortum
536 1194 681 1260 babuisse
702 1193 822 1259 videtur
856 1215 873 1259 a
912 1192 1064 1282 positione

132 1281 339 1369 quorumdam
373 1283 653 1370 pbilosophorum,
689 1283 742 1369 qui
777 1283 921 1348 dicebant
956 1301 1064 1347 ornnes

134 1389 250 1459 poenas
273 1372 466 1457 purgatorias
488 1391 566 1449 esso,
600 1385 631 1437 et
665 1373 705 1436 ita
739 1371 925 1458 quandoque
959 1372 1065 1436 termi-

135 1459 264 1526 nandas.
289 1459 457 1546 Videbatur
479 1475 581 1526 autem
620 1462 680 1528 hoc
719 1460 984 1548 persuasibile:--⁸
941 1473 1067 1524 -tum

133 1571 172 1615 ex
196 1550 331 1630 bumana
370 1551 606 1627 consuetudine
645 1569 766 1636 poenae
806 1550 888 1614 enirn
922 1549 1066 1614 burnanis

133 1625 256 1743 legibue
278 1637 453 1703 inseruntur
476 1639 514 1703 ad
539 1637 789 1704 emendationem
806 1639 961 1714 vitiorum3
983 1638 1068 1702 unde

135 1729 216 1794 sicut
229 1725 400 1792 medicinae
423 1727 590 1813 quaedam·
600 1740 739 1805 sunt;-
694 1741 816 1793 -turn
832 1727 1068 1798 etiamratione;

134 1817 267 1883 sienim
291 1835 389 1903 poena
413 1835 475 1882 non
500 1830 625 1903 propter
648 1817 731 1882 aliud
770 1815 935 1882 inferretur
969 1836 1071 1917 apu-

136 1906 261 1984 niente,'
275 1901 329 1970 sed
353 1918 478 1993 propter
500 1926 534 1972 sc
558 1919 688 1984 tanturn,
723 1916 907 1992 sequeretur
929 1905 1043 1991 quod
1036 1925 1069 1970 ιιι

137 1994 245 2083 poenis
265 2006 393 2080 propter
414 2013 448 2058 ee
470 1994 684 2074 delectaretur3
707 1995 791 2082 quod
825 1995 954 2061 bonitati
992 1994 1070 2066 diri·

137 2101 197 2149 nae
219 2101 281 2148 non
305 2083 457 2167 congruit3
480 2097 601 2170 oportet
623 2085 716 2166 igitur
740 2103 859 2186 poenas
887 2095 1071 2170 proptera·

138 2171 204 2240 liud
227 2170 344 2246 inferri,
368 2191 425 2236 nec
458 2171 578 2237 videtur
614 2173 692 2238 elius
730 2172 963 2238 convenientior
1000 2170 1071 2238 fluis

139 2279 234 2364 quant
260 2255 437 2324 emendatio
476 2259 628 2326 vitiorum.
665 2260 793 2326 Videtur
828 2259 921 2345 igitur
958 2279 1072 2328 conve·

140 2350 263 2415 nieuter
285 2347 344 2413 dici
369 2367 477 2413 omnes
501 2367 616 2435 poenae
640 2351 832 2435 purgatorius
863 2367 955 2425 esre,
963 2362 994 2415 et
1016 2367 1072 2438 per
1142 2414 1145 2422 ,

140 2457 334 2524 consequent
358 2437 544 2523 quaudoque
569 2438 789 2517 reminundus,
811 2457 882 2504 oum
917 2441 1010 2506 etiarn
1035 2439 1071 2504 it-

140 2527 195 2594 lud
218 2525 302 2613 quod
325 2538 372 2591 est
393 2525 552 2612 purgabile
575 2525 763 2592 accidentale
790 2528 828 2592 sit
844 2527 962 2592 ratione
986 2547 1074 2594 crea·

140 2633 228 2682 turae
250 2626 281 2680 et
303 2615 398 2702 poscit
419 2616 571 2681 removeri
594 2615 712 2703 absque
748 2616 984 2703 consumptione
999 2616 1074 2683 sub·

144 2719 285 2772 stantiae.

213 2793 264 2858 Est
287 2803 390 2857 autern
414 2789 659 2872 concedendurn,
682 2792 765 2895 quod
789 2811 907 2880 poenae
938 2793 1075 2859 inierun·

144 2896 201 2949 tur
217 2903 234 2947 a
258 2880 336 2959 Deo,
359 2901 422 2946 non
446 2894 571 2968 propter
592 2901 637 2956 se,
661 2881 747 2967 quasi
770 2881 889 2948 Deus'
882 2881 998 2969 rnipsis
1022 2882 1076 2947 de·

146 2972 287 3048 leotetur,
309 2969 364 3034 sed
389 2983 528 3071 propter
535 2969 629 3044 aliud,
652 2969 768 3035 seilicet
798 2984 924 3057 propter
935 2970 1078 3037 ordinem

101 3095 103 3099 ·
148 3059 371 3162 inponendum
396 3055 556 3133 creaturis
580 3058 611 3122 in
635 3079 697 3145 quo
714 3059 831 3125 bonurn
848 3060 983 3126 universi
1006 3080 1079 3126 con

148 3149 237 3214 sistit.
261 3147 360 3233 Exigit
382 3160 486 3212 autern
505 3147 564 3212 boc
580 3147 657 3212 ordo
680 3167 784 3212 rerum
809 3161 842 3213 ut
865 3149 1079 3235 proportiona-

147 3237 218 3302 liter
251 3237 355 3302 omnia
393 3235 537 3300 divinitus
575 3233 801 3323 dispensentur,
835 3251 961 3323 propter
995 3237 1079 3340 quod

149 3324 315 3392 diciturin
339 3321 418 3388 libro
440 3323 616 3409 Sapientiae
640 3325 692 3402 11,
707 3325 761 3390 ut
773 3325 953 3412 quodDeus
975 3330 1082 3392 omnio

150 3413 256 3479 iacit
244 3431 277 3476 m
290 3412 439 3496 pondera
468 3431 595 3476 numero
618 3424 648 3478 et
670 3433 825 3480 menstruo.
865 3413 952 3481 Siout
977 3429 1080 3480 autern

150 3500 287 3591 praemia
310 3500 579 3590 proportionaliter
602 3502 791 3592 respondent
825 3503 942 3572 actibus
966 3505 1081 3574 vinno-
