2516 3968
228 232 295 298 toa
518 253 575 299 ιιιι.
597 253 640 298 ιιι.
663 251 727 298 etr.
751 251 859 299 unxxn.
1162 285 1169 292 .

227 321 419 388 voluntari-ae
442 323 640 410 paupertatis,
663 334 694 388 et
717 321 758 388 ita
781 339 845 386 uon
879 317 1003 388 videtur
1024 341 1155 410 compe·
1251 329 1252 378 t

229 425 294 478 tere
317 409 490 476 voluntarie
513 409 710 498 pauperibus.
1251 449 1252 456 ι

293 499 444 586 Amplius,
466 498 537 585 Ejus
559 499 642 586 quod
666 519 705 564 ex
739 498 865 564 alterius
903 497 1063 564 voluntate
1100 501 1156 568 de·
1251 537 1252 544 ι

228 587 343 675 pendet
365 588 542 656 facultatem
566 609 629 654 non
653 587 814 654 habemus.
838 586 901 652 Sed
924 608 962 652 ex
994 588 1155 656 voluntate

227 677 328 743 dantis
351 677 505 765 dependet
527 677 612 764 quod
635 697 672 743 ex
696 677 827 764 propriis
850 674 913 742 det.
951 675 1021 744 Non
1060 679 1155 764 igitur
1251 687 1252 690 ’

226 765 417 832 suilieienter
438 765 631 854 providetur,
664 766 696 830 in
734 763 879 832 facultate
918 769 1156 834 sustentationis

151 929 152 934 ἵ
229 855 530 1008 vitaedroluntariis
568 853 758 943 pauperibus
798 875 853 941 per
897 853 981 920 ltune
1020 855 1156 924 modum

228 963 318 1010 vruen
342 965 361 1010 t.
1251 1005 1252 1010 1

294 1033 467 1110 Praeterea,
489 1031 620 1098 Necesse
643 1045 689 1098 est
711 1031 795 1118 quod
827 1051 990 1118 pauperes,
1023 1034 1078 1119 qui
1114 1054 1153 1100 ex

228 1122 276 1188 his
298 1141 378 1209 quae
401 1122 440 1188 ab
456 1122 523 1188 aliis
546 1121 659 1187 dantur
681 1121 846 1188 sustentari
882 1120 1010 1200 debent,
1046 1142 1156 1189 neees·
1251 1135 1252 1190 t

226 1211 330 1276 sitates
358 1231 430 1276 suas
463 1211 529 1278 aliis
563 1213 718 1297 exponant
755 1223 787 1276 et
821 1210 996 1276 necessaria
1034 1225 1155 1298 petant
1251 1237 1252 1278 t

227 1299 412 1388 llujusmodi
434 1312 538 1385 autem
560 1299 725 1366 necessitas
764 1297 866 1364 reddit
900 1301 1155 1386 contemptibiles
1251 1289 1252 1330 ¹

229 1389 441 1454 mendicantes
464 1402 495 1454 et
516 1388 609 1454 etiam
632 1408 753 1472 graves
786 1387 929 1455 homiues
952 1389 1037 1456 euim
1060 1411 1156 1478 supe·

230 1479 326 1544 riores
349 1498 383 1543 se
405 1479 567 1543 aestimant
589 1477 647 1542 illis
670 1477 723 1561 qui
747 1496 803 1563 per
826 1497 880 1542 eos
907 1479 1073 1544 sustentari
1098 1501 1154 1546 ne·

229 1587 315 1633 cesse
338 1567 464 1644 habeut,
488 1579 519 1632 et
541 1587 612 1632 eum
636 1564 812 1632 difficultate
836 1565 909 1634 tlont
946 1565 1085 1652 plurimi.
1111 1567 1154 1634 0-

230 1668 331 1744 portet
354 1668 457 1720 autem
481 1657 601 1741 eosqui
626 1654 846 1742 perlectionem
872 1655 952 1720 ritae
986 1673 1154 1726 assumunt
1251 1673 1252 1696 ¹

230 1745 261 1810 in
285 1746 456 1810 reuerentia
479 1745 585 1810 haberi
608 1757 639 1810 ot
661 1743 757 1829 diligi,
782 1759 814 1810 ut
837 1744 882 1809 sic
915 1743 1061 1812 homines
1097 1767 1153 1816 eos

230 1833 349 1900 facilius
371 1833 530 1900 imitentur
552 1846 582 1898 et
606 1833 724 1898 virtutis
747 1847 859 1900 statum
894 1834 1103 1914 aemulentun
1127 1837 1153 1902 si
1251 1877 1252 1912 ;

231 1934 335 1986 autem
357 1923 546 1988 contrarium
570 1920 698 2004 occidat,
721 1922 815 1989 etiam
849 1923 945 1988 virtus
978 1923 1044 2010 ipsa
1079 1945 1155 1990 eon·
1251 1957 1252 2012 p

231 2010 387 2076 temnitur.
401 2009 452 2075 Est
474 2009 569 2096 igitur
590 2009 718 2076 nocitus
741 2009 855 2076 modus
875 2029 916 2076 ex
953 2011 1154 2082 mendicitate
1251 2019 1252 2022 ’

231 2098 353 2165 uiuendi
375 2099 407 2165 in
431 2099 478 2164 ltis
501 2099 567 2186 qui,
600 2107 727 2186 propter
760 2099 981 2186 perlectionem
1020 2103 1155 2186 virtutis,
1251 2151 1252 2154 κ

230 2189 403 2256 voluntarie
426 2201 641 2276 paupertatem
662 2202 832 2256 assumunt.
1251 2247 1252 2254 ,

298 2277 470 2357 Praeterea,
493 2273 639 2343 Perfectis
662 2278 734 2343 viris
764 2298 828 2344 nou
864 2275 966 2344 solum
1000 2292 1074 2346 aunt
1107 2281 1154 2348 ui·
1251 2277 1252 2290 l

231 2365 323 2432 tanda
347 2367 440 2439 mala,
464 2365 634 2432 sedetiam
657 2386 693 2432 ea
717 2386 797 2453 quae
820 2366 893 2432 mali
926 2369 1063 2452 speciem
1098 2369 1154 2436 ha·
1251 2427 1252 2440 ι

231 2456 316 2534 bent3
339 2475 412 2520 nam
434 2453 596 2542 Apostolus
619 2455 702 2522 dicit:
725 2455 772 2522 Ao
805 2457 890 2520 omui
926 2458 1026 2540 specie
1064 2459 1155 2526 orale

231 2543 381 2610 alstinctc
401 2563 467 2622 uos,
491 2544 505 2608 l
532 2543 661 2623 Tessal,
684 2543 715 2621 ὃ,
739 2545 793 2621 aa
815 2581 861 2594 —-
885 2556 916 2610 et
944 2545 1154 2634 Philosophus

221 2633 305 2700 dicit
326 2632 411 2720 quod
434 2634 586 2698 virtuosus
610 2653 674 2699 non
696 2633 799 2700 solum
823 2633 915 2700 debet
952 2632 1061 2718 lugere
1084 2648 1151 2704 tur·

230 2725 292 2812 pia,
313 2722 368 2790 sed
391 2721 483 2788 etiam
506 2742 587 2808 quae
609 2721 709 2809 turpia
733 2721 883 2788 uidentur.
907 2721 1155 2794 lleodioitasau-

231 2829 295 2880 tem
317 2811 411 2878 habet
432 2811 567 2898 speciem
590 2811 674 2890 mali,
696 2831 768 2878 cum
792 2811 880 2878 multi
909 2827 1036 2898 propter
1058 2833 1155 2900 quae·

230 2917 312 2968 stum
336 2899 523 2966 mendicent.
544 2899 613 2966 Non
635 2913 681 2965 est
703 2900 796 2986 igitur
813 2901 864 2966 hic
892 2901 1005 2968 modus
1027 2901 1153 2974 vivendi
1251 2963 1252 2976 ι

154 2989 156 2992 ’
231 2989 373 3079 perlectis
398 2989 469 3054 viris
491 2989 707 3055 assumendus.
1081 3049 1085 3056 .

296 3079 384 3154 ltem,
407 3077 455 3142 Ad
477 3077 536 3144 hoc
570 3077 660 3144 datur
693 3077 857 3145 consilium
892 3077 933 3144 de
970 3095 1155 3170 paupertate

231 3167 403 3234 voluntaria
433 3179 467 3232 ut
490 3185 578 3232 mens
603 3167 787 3246 hominis,a
824 3167 1030 3236 sollieitudine
1055 3184 1154 3238 terre-

230 3278 344 3324 norum
368 3269 499 3334 remota,
522 3255 649 3325 liberios
670 3256 739 3322 Deo
761 3269 856 3324 vacet.
880 3255 936 3324 llic
959 3271 1063 3326 autem
1088 3281 1154 3339 oto-
1251 3307 1252 3340 2

231 3347 295 3434 tlns¹
312 3366 351 3412 ex
373 3343 571 3412 mendicitate
594 3345 716 3412 vivendi
740 3345 834 3412 hebet
873 3346 1045 3433 plurimum
1067 3350 1154 3432 soll't·

230 3435 384 3512 citudinis3
407 3432 533 3519 majoris
557 3435 641 3500 enim
672 3433 887 3502 sollicitudinis
925 3435 1047 3506 uidetur
1084 3438 1154 3508 esse
1251 3465 1252 3506 t

231 3523 390 3608 acquirere
413 3521 513 3589 alienu
535 3541 630 3609 quom
652 3523 784 3612 propriis
807 3523 862 3592 uti.
899 3525 969 3595 Non
991 3547 1069 3616 ergo
1099 3529 1149 3610 ¹ti·
