2514 3972
237 211 302 278 sun
529 229 586 276 un.
610 232 649 278 m.
674 229 737 275 cac.
761 229 840 276 cnut.

235 300 405 366 sedetiam
430 302 599 369 secuudum
623 299 828 376 individuum
851 296 942 362 babet
980 297 1063 364 enim
1107 297 1155 362 in·

235 390 390 457 tellectum
413 404 442 456 et
465 393 626 467 rationem,
649 389 732 454 unde
756 387 914 475 percipere
944 389 1039 472 possit
1073 407 1155 471 quo·

236 480 329 546 modo
351 480 558 544 diversimode
580 481 619 544 sit
641 477 756 564 aliquid
781 477 898 542 bonum
938 475 986 540 vcl
1024 477 1157 552 molum,

233 567 404 634 secundum
428 569 511 654 quod
533 569 674 652 congruit
697 567 824 630 diuersis
860 563 1037 639 individuis,
1075 578 1156 646 terp·

236 657 362 743 poribus
386 670 415 722 et
440 657 522 722 locis.
546 656 616 722 Sola
641 657 733 740 igitur
756 667 896 718 creatura
925 653 1084 718 rationalis
1106 652 1155 717 di-

234 745 343 830 rigitur
362 766 379 810 a
403 747 470 810 Deo
493 745 531 810 ad
554 766 626 810 suos
648 759 743 822 actus,
767 763 829 808 non
853 741 953 807 solum
977 742 1155 808 secundum

231 835 378 921 speciem,
400 834 454 900 sed
477 835 569 899 etiarn
592 833 763 898 seeundum
790 831 993 896 individuum.

300 924 471 1000 Praeterea,
495 924 640 988 Creatura
663 920 818 986 rationalis
840 920 885 984 sic
900 919 1021 985 divinae
1046 922 1154 1007 proui-
1249 947 1250 950 ¹

233 1011 355 1076 dentiae
378 1013 515 1097 subjacet
539 1011 622 1098 quod
645 1030 707 1074 non
728 1008 829 1075 solum
853 1009 892 1074 ab
916 1028 952 1072 ea
991 1008 1152 1093 guberna-

233 1113 292 1178 tur,
325 1100 379 1165 sed
415 1105 505 1167 etiam
544 1102 694 1169 rationem
729 1097 940 1184 providentiae
978 1111 1152 1186 utcumque

233 1209 420 1274 cognoscere
444 1203 553 1277 potsse
577 1189 659 1254 unde
681 1188 739 1252 sibi
763 1187 910 1272 competit
947 1185 1041 1252 ctiam
1082 1190 1152 1254 aliis

232 1279 455 1364 prouidentiam
478 1294 509 1344 ct
531 1280 787 1363 gubernationem
810 1276 966 1352 exhiberes
982 1275 1067 1362 quod
1086 1297 1152 1342 non

231 1367 380 1451 contingit
403 1368 434 1431 in
457 1368 585 1432 onereris
611 1369 758 1431 creaturis
792 1385 872 1450 quae
907 1363 1008 1429 solum
1043 1371 1168 1452 proui-.

230 1455 365 1520 dentiam
388 1457 621 1543 participantia
644 1468 793 1540 quantum
828 1452 1038 1540 prouidentiae
1077 1459 1153 1522 sub·

167 1553 172 1561 '
230 1543 353 1609 duntur.
392 1545 450 1610 Per
488 1547 546 1610 boc
584 1560 687 1610 cutem
722 1542 804 1630 quod
840 1543 948 1628 aliquis
972 1541 1152 1610 facultatem

229 1633 407 1718 providendi
433 1634 536 1710 hobeu
560 1647 658 1720 potest
680 1633 772 1696 etium
796 1652 869 1696 suos
892 1648 978 1697 actus
1010 1632 1151 1718 dirigere

229 1736 259 1786 ct
289 1724 473 1808 gubernare.
510 1723 672 1809 Participat
696 1721 787 1806 igitur
809 1721 967 1786 rationalis
1000 1737 1148 1788 ereatura

220 1810 361 1876 divinam
386 1810 620 1898 prouidentiam,
640 1830 702 1875 non
725 1811 826 1876 solum
843 1807 1013 1874 secundum
1028 1811 1147 1894 guber·

229 1901 306 1978 nari,
341 1900 395 1964 sed
433 1905 526 1964 ctiam
560 1899 730 1965 secundum
768 1899 953 1982 gubernatu
991 1907 1148 1982 gubernat

227 1989 310 2053 enirn
332 2009 366 2053 se
388 1988 451 2053 suis
474 1989 590 2054 actibus
613 1990 755 2074 propriis,
779 2001 809 2052 et
831 1989 923 2053 ctiam
947 1987 1016 2052 alia.
1033 1986 1148 2055 Omnis
1249 2005 1250 2018 ³

226 2091 329 2141 autem
367 2077 495 2142 inlerior
528 2077 737 2166 providentiae
775 2077 897 2140 divinae
930 2077 1147 2162 prouidentiae
1249 2147 1250 2160 χ

227 2165 369 2232 subditur
384 2168 469 2253 quasi
486 2185 657 2253 supremae.
682 2163 870 2230 Gubernatio
893 2165 985 2250 igitur
1019 2179 1148 2232 actuum
1249 2161 1250 2172 ’

224 2255 380 2320 rationalis
412 2269 580 2334 creaturae,
616 2257 799 2342 inquantum
823 2266 894 2318 sunt
927 2267 1011 2320 actus
1035 2274 1147 2340 persu-

224 2343 320 2422 nules,
343 2345 382 2408 od
409 2343 544 2409 diuinam
579 2343 802 2430 providentium
826 2343 966 2430 pertinet.

291 2433 377 2510 ltem,
400 2435 491 2498 Acttrs
514 2433 690 2520 personales
714 2433 870 2496 rationalis
886 2446 1044 2498 creaturae
1067 2451 1144 2500 suut

224 2525 347 2607 proprie
370 2536 454 2588 actus
477 2524 529 2608 qui
552 2521 685 2588 suntab
712 2522 815 2586 anima
839 2521 989 2585 rationaii.
1026 2523 1143 2588 dnirna

223 2624 326 2677 autem
349 2611 505 2676 rationalis
529 2629 592 2676 non
615 2611 715 2676 solum
738 2609 909 2675 secundum
932 2611 1067 2696 speciem
1090 2625 1142 2678 est
1217 2607 1223 2619 “

222 2701 432 2787 perpetuitatis
456 2701 651 2786 capax,sicut
673 2697 751 2764 aliae
774 2713 943 2777 creaturae,
965 2699 1020 2764 sed
1042 2701 1141 2766 etiam

220 2789 391 2855 secundum
416 2788 619 2854 individuum.
642 2790 732 2852 Actus
755 2807 831 2872 ergo
858 2787 1014 2854 rationalis
1051 2809 1141 2854 crea·

221 2891 346 2943 turae-a
368 2878 470 2944 divina
505 2876 695 2964 prouidentia
732 2875 917 2960 diriguntur,
949 2878 1140 2944 consulum

219 2985 255 3028 ca
271 2968 389 3032 ratione
412 2986 472 3054 qua
496 2967 534 3032 ad
558 2965 694 3052 speciem
719 2967 883 3052 pertinent,
904 2965 959 3029 sed
983 2966 1142 3032 etiamiu-

219 3069 369 3139 quantum
392 3069 463 3121 sunt
487 3055 663 3143 personales
687 3069 781 3120 actus.

285 3143 362 3210 llinc
383 3157 429 3210 est
452 3144 547 3232 quod,
571 3145 639 3208 licet
662 3143 783 3208 diuinae
807 3140 1017 3228 providentioe
1032 3146 1139 3210 omnia

218 3231 399 3312 subdantur,
422 3247 525 3298 tamen
549 3233 580 3298 in
603 3233 766 3320 Scriptnris
790 3233 884 3296 sacris
906 3231 1080 3318 specialiter
1106 3235 1136 3298 ei

218 3321 380 3387 bominum
403 3343 476 3388 cura
499 3323 684 3400 attribuitur,
721 3319 892 3386 secundum
927 3319 1012 3386 illud:
1052 3321 1138 3400 Quid

217 3411 383 3488 cethuma,
406 3412 488 3494 quod
509 3431 627 3476 cernor
649 3431 682 3475 es
704 3412 769 3495 ejus
790 3419 845 3475 cut
866 3409 950 3496 gilius
989 3409 1146 3488 bortrinis,-

218 3501 363 3582 pucniom
386 3501 494 3564 visitas
515 3499 601 3566 curn?
618 3497 740 3579 Psalm,
763 3498 794 3580 8,
818 3498 900 3576 b3et:
916 3498 1072 3584 Numquid
1093 3502 1143 3566 dc.
