2516 3968
228 237 295 304 lii
428 257 484 303 tia.
508 257 552 304 ιιι.
575 257 638 302 aar.
662 257 789 306 crxrvn.
814 257 851 302 er
872 257 1009 307 cxxxviii.

227 337 408 414 perpetuam
433 347 495 391 uon
522 327 747 414 improbarent,
771 340 875 392 tamen
899 328 926 393 ei
950 337 1064 394 statuta
1088 313 1157 392 rnn-
1243 327 1244 416 J

229 415 363 482 trimouii
386 415 577 502 aequahann
598 435 678 502 quae
703 429 750 482 cst
767 415 904 482 haeresis
914 415 1067 482 loriniani
1093 415 1156 500 (l).
1243 425 1244 506 ἐ

228 503 291 570 Sed
314 502 405 589 liujus
424 505 545 576 ¹erroris
567 503 684 572 salsitas
707 506 780 572 satis
795 525 841 572 ¹er
863 505 1029 592 praedietis
1058 525 1155 590 appa·

227 606 285 671 ret,
307 609 379 658 cum
403 613 470 678 per·
483 593 707 660 continentiam
728 594 827 660 lromo
849 593 998 660 reddatur
1019 593 1155 658 habilior

226 681 401 748 admontis
425 681 629 750 elevationem
654 683 686 748 in
719 682 889 768 spiritualia
925 695 956 748 et
990 681 1094 748 divina
1123 695 1155 747 et

226 769 460 856 quodammodo
483 784 712 856 suprastatuto
736 771 871 838 hominis
894 771 1153 860 ponatminqua·

220 861 299 928 ,dam
322 857 529 924 similitudine
551 861 752 946 Angelorum.

227 987 229 994 ,
292 947 355 1014 llec
378 947 478 1012 obstat
501 948 585 1033 qnod
621 951 715 1036 aliqui
754 947 997 1036 perfectissimae
1031 947 1153 1014 virtutis
1243 949 1244 960 ’

225 1037 282 1104 viri
306 1035 503 1102 matrimonio
526 1036 573 1102 usi
589 1053 671 1118 sarit,
694 1049 727 1103 ut
749 1038 916 1114 Abraham,
939 1037 1023 1102 lsaac
1045 1049 1076 1102 et
1098 1036 1151 1102 la·

142 1176 144 1181 -
221 1125 295 1204 coh,
318 1126 390 1212 quia
413 1136 529 1210 quanto
553 1126 648 1192 virtus
672 1127 783 1192 mentis
820 1139 867 1192 est
904 1124 1024 1202 sortior,
1061 1136 1149 1190 tanto

226 1216 329 1282 minus
368 1227 467 1299 potest
505 1231 561 1300 per
598 1235 814 1302 quaecumque
851 1235 869 1280 a
903 1235 959 1280 sna
983 1213 1149 1279 altitudine

225 1303 327 1388 dejici.
350 1302 412 1368 Nec
433 1315 551 1380 tamen,
571 1306 645 1389 quia
670 1305 727 1390 ipsi
751 1303 950 1370 matrimonio
977 1303 1025 1368 usi
1064 1315 1150 1380 aunt,

224 1393 330 1457 minus
351 1391 644 1477 contemplationem
668 1393 803 1458 veritatis
814 1407 845 1457 et
857 1391 1035 1457 divinorum
1060 1405 1149 1456 ama-

225 1492 346 1560 verunt3
367 1480 433 1558 sed,
456 1480 628 1546 secundum
652 1482 735 1568 quud
758 1481 893 1546 conditio
917 1479 1066 1566 temporis
1099 1499 1149 1544 re·

217 1569 377 1656 requirebat,
402 1568 600 1634 matrimonio
624 1571 790 1638 utebantur
806 1569 845 1636 ad
857 1568 1147 1654 multiplicationem

225 1657 330 1744 populi
355 1657 465 1724 fidelis.
487 1657 549 1723 Nec
572 1673 676 1725 tamen
701 1659 849 1746 perfectio
872 1657 1001 1742 alicujus
1039 1676 1149 1743 perso-
1243 1687 1244 1724 ;

224 1768 283 1812 nae
322 1759 368 1812 est
406 1745 579 1812 sufficiens,
600 1761 821 1831 augumentum
860 1746 898 1812 ad
922 1745 1147 1833 perlectionem

223 1850 331 1914 status,
352 1855 425 1900 cum
447 1835 560 1920 aliquis
583 1835 760 1922 perfectiori
784 1847 888 1900 mente
912 1835 1007 1921 possit
1022 1833 1067 1898 uti
1090 1834 1149 1898 mi·

224 1925 292 1990 nori
316 1924 399 1990 bono
424 1943 517 2010 quatu
541 1925 618 1990 alius
656 1924 766 2010 majori
805 1925 887 1991 bono
925 1920 1147 2008 imperfectiori

224 2025 339 2078 mente.
363 2012 430 2076 Non
455 2011 558 2094 igitur,
581 2013 653 2100 quia
675 2015 831 2080 Abrabam
855 2012 903 2078 vel
929 2011 1053 2098 Moyses
1076 2032 1149 2097 per·

224 2101 333 2168 lectior
355 2100 412 2166 luit
435 2100 538 2166 multis
562 2103 615 2188 qui
630 2103 852 2168 continentiam
869 2114 1002 2179 servant,
1019 2113 1149 2187 propter

223 2192 282 2257 hoc
304 2203 399 2256 status
422 2191 611 2272 matrimonii
636 2205 682 2256 est
716 2189 880 2278 perfectior
912 2209 1009 2278 qvam
1046 2200 1150 2254 status
1243 2227 1244 2272 ι

222 2280 427 2346 continentiae
451 2278 498 2346 vel
520 2280 548 2346 ei
572 2279 720 2366 aequalia.

472 2488 496 2556 C
511 2489 535 2556 Α
550 2489 573 2555 Ρ
592 2488 616 2555 U
631 2489 657 2555 T
693 2487 883 2559 cxxxvlii.

345 2682 391 2750 De
414 2703 519 2750 errore
534 2701 640 2750 eornm
662 2683 715 2770 qai
735 2695 808 2750 cota
829 2685 1021 2770 impttqncnt.

292 2895 484 2980 Quibusdam
519 2908 620 2960 autem
644 2895 743 2962 visum
767 2907 813 2961 est
834 2895 961 2961 stultum
983 2913 1054 2960 esse
1069 2893 1148 2962 obli-

223 3007 298 3072 gare
320 3006 354 3052 se
378 3000 448 3052 voto
482 2983 522 3050 ad
545 2985 753 3060 obediendum
776 2985 867 3052 alicui
890 2999 942 3050 aut
972 2981 1011 3048 ad
1045 2982 1147 3070 quod·

223 3095 357 3160 cumque
379 3074 576 3140 servandum.

290 3162 538 3249 Unumquodque
576 3162 658 3240 enim
694 3163 834 3238 bonum,
852 3219 854 3226 ι
874 3173 989 3248 quanto
1016 3159 1146 3226 liberius

220 3253 332 3340 agitur,
344 3265 428 3318 tanto
451 3251 615 3317 virtuosius
648 3271 715 3317 esse
738 3250 867 3317 videtur.
891 3249 1014 3332 Quanto
1037 3263 1143 3314 autem

270 3389 310 3459 (l)
327 3391 491 3456 Iovinianus,
511 3387 710 3444 mediolanensis
728 3389 869 3443 monachus
882 3382 1017 3460 inq'uarlo
1035 3389 1141 3442 sacculo

219 3465 388 3530 vixit-cujus
405 3479 516 3529 errores,
534 3479 549 3514 a
568 3463 660 3516 Siricio
678 3479 744 3531 papa
764 3462 889 3525 damnali,
908 3461 962 3515 aS.
980 3459 1142 3530 Augustino,

222 3534 249 3585 S.
267 3533 408 3600 llieroymc
425 3539 452 3584 ct
470 3533 497 3586 S.
515 3533 654 3586 Ambrosio
672 3534 818 3602 impugnati
836 3539 907 3588 sunt.
