2452 3970
394 265 448 309 ura.
473 267 513 310 ιιι.
537 265 600 310 car.
626 267 704 311 ιιιιι.
777 295 780 299 -
937 247 998 314 117

94 333 179 418 igitur
204 332 354 398 intellecta
377 334 561 419 speculativa
585 348 655 400 sunt
679 335 708 399 in
733 334 828 400 nobis·
844 335 944 402 solum
969 341 999 402 in

96 423 236 507 potentia,
274 423 444 488 intellectus
482 445 575 507 agens
613 425 808 489 continuatur
841 415 1016 492 nobiscum'

94 511 192 575 solum
217 512 246 574 in
271 513 417 596 potentia3
440 508 563 596 'quando
587 527 689 577 autem
713 511 813 597 aliqua
847 515 1001 580 intellecta

92 599 274 684 speculativa
298 600 404 664 insunt
425 601 513 665 nobis
530 601 561 665 in
574 616 640 666 actu
656 616 686 665 ct
698 601 799 686 aliqua
816 601 1002 687 inpotentia,

89 689 284 752 continuatur
322 689 410 752 nobis
447 691 557 774 partim
592 691 622 754 in
658 703 726 755 actu
764 703 794 755 et
828 693 1003 776 partimin

91 779 239 861 potentia;
262 791 292 842 ει
316 791 387 841 tunc
410 777 541 843 dicimur
557 779 672 843 moueri
689 778 727 842 ad
740 779 1001 846 continuationem

91 865 289 949 praedictam,
318 866 409 948 auia,
443 882 556 951 quanto
582 868 843 953 pluraintellecta
868 869 897 932 in
932 883 1002 934 actu

91 953 204 1018 luerint
239 955 269 1018 in
304 954 502 1033 domefacta,
540 970 623 1021 tanto
646 955 808 1040 perfectius
833 957 1003 1023 intellectus

90 1063 184 1126 agens
222 1043 417 1107 continuatur
450 1045 480 1108 in
504 1045 602 1109 nobis.
627 1045 681 1110 llic
710 1059 813 1108 autem
852 1045 1002 1129 perlectus

90 1147 191 1196 motus
214 1132 252 1195 ad
276 1133 535 1196 continuationem
561 1134 592 1198 lit
616 1155 670 1220 ρει
692 1133 826 1198 studium
850 1135 1001 1200 inscien-

90 1221 136 1284 tiis
161 1221 365 1306 speculativis,
389 1243 444 1306 per
467 1220 549 1306 quod
574 1243 644 1286 vcra
680 1223 832 1286 intellecta
870 1226 1001 1308 acquiri-

92 1330 160 1373 mus
174 1325 205 1372 ct
220 1309 313 1374 lalsae
325 1311 484 1395 opiniones
509 1310 724 1388 excluduntur,
737 1331 816 1396 quae
833 1327 904 1374 suut
919 1326 1003 1377 extra

68 1399 232 1466 ordinem
258 1397 348 1480 hrrjus
372 1412 483 1474 motus,
499 1401 575 1463 sicut
599 1413 790 1463 monstruosa
814 1414 896 1464 extra
921 1401 1003 1466 ordi-

94 1507 165 1550 nem
186 1487 332 1552 naturalis
355 1488 555 1572 operationis..
575 1487 712 1551 Undelet
735 1488 772 1552 ad
797 1488 878 1552 huuc
904 1488 1005 1575 prole-

95 1590 177 1640 ctum
199 1589 307 1659 piuant
329 1596 362 1639 se
386 1577 526 1640 homines
549 1578 626 1640 sicut
646 1575 752 1660 Juvant
775 1598 808 1640 se
831 1577 962 1642 invicem
977 1581 1006 1644 in

96 1664 229 1728 scientiis
252 1664 455 1748 speculativis.
480 1665 611 1746 Quando
634 1685 708 1748 ergo
731 1665 833 1729 omrria
857 1666 1008 1733 intellecta

97 1752 286 1838 inpotentia
311 1751 423 1816 luerint
448 1754 477 1816 in
502 1755 595 1824 nobis,
612 1753 689 1818 lacta
714 1755 743 1817 in
767 1767 942 1834 actu„tunc
965 1758 1008 1822 in-

98 1841 238 1905 tellectus
261 1861 355 1925 agens
381 1841 513 1928 perlecta
536 1843 729 1928 copulabitur
751 1843 839 1908 nobis
853 1858 885 1908 ut
901 1844 1010 1923 forma,

99 1943 128 1992 ct
151 1929 358 2013 intelligemus
383 1951 438 2016 per
460 1931 560 2016 ipsum
575 1931 718 2015 perfecte,
745 1933 824 1996 sicut
846 1954 927 1998 nunc
944 1957 1011 2020 per-

99 2016 177 2083 lecte
207 2018 404 2101 intelligimus
421 2039 475 2104 per
498 2020 685 2084 intellectum
709 2023 740 2084 in
765 2021 879 2085 habitu.
915 2023 1011 2100 Unde,

99 2127 167 2170 oum
206 2107 243 2170 ad
278 2107 465 2172 intellectum
503 2123 644 2193 agentem
669 2110 817 2194 pertineat
843 2111 1010 2195 intelligere

100 2195 285 2260 substautias
308 2211 472 2280 separatas,
496 2197 699 2280 intelligemus
723 2211 795 2261 tuno
828 2198 1011 2264 substantias

98 2296 263 2370 separatas,
281 2284 357 2348 sicut
373 2305 455 2350 nune
472 2287 668 2370 intelligimus
684 2285 837 2351 intellecta
850 2288 1008 2374 speculati-

100 2373 168 2438 tiva.
195 2373 229 2437 Et
252 2373 310 2437 hoc
333 2375 390 2437 erit
415 2374 519 2439 ultima
544 2375 677 2439 hominis
707 2374 845 2455 felicitas,
882 2377 912 2440 in
947 2399 1007 2463 qua
1056 2395 1057 2398 ’

101 2462 195 2527 ιιοιιιο
218 2462 276 2525 erit
292 2462 376 2528 ¹sicut
398 2463 522 2548 quidam
546 2464 639 2527 Deus.

163 2551 260 2635 Hujus
283 2565 387 2616 autem
411 2552 568 2636 positionis
591 2552 756 2617 destructio
780 2572 817 2617 ειι
833 2555 1008 2638 praemissis

100 2639 285 2704 sufficienter
311 2655 446 2725 apparet.
471 2640 611 2706 Procedit
634 2641 716 2704 enim
740 2661 777 2706 ex
800 2644 1008 2727 suppositione

101 2729 267 2794 multorum
292 2749 372 2813 quae
396 2731 425 2793 in
449 2731 658 2816 superioribus
681 2743 751 2794 sunt
773 2731 953 2814 improbata.

166 2816 426 2902 primoquidem,
451 2839 542 2904 supra
559 2832 716 2883 ostensum
740 2831 786 2882 cst
806 2819 885 2902 (1.1,
909 2840 934 2884 c.
954 2821 1010 2902 59)

102 2905 185 2990 quod
209 2905 380 2970 intellectus
397 2907 546 2992 possibilis
570 2927 632 2972 non
661 2920 705 2972 est
730 2907 830 2992 aliqua
847 2907 1012 2974 substantia

102 3008 270 3080 separataa
293 2994 382 3058 uoltis
399 2995 569 3060 secuudum
593 3016 670 3071 esse;
693 2995 848 3060 undenon
865 2999 1016 3081 oportebit

103 3082 185 3167 qnod
224 3083 260 3148 sit
300 3082 473 3168 subjectum
513 3085 752 3148 substantiarum
793 3099 1015 3169 separatarum,

106 3173 267 3257 praecipue
290 3191 360 3236 cum
385 3172 559 3237 Aristoteles
584 3173 664 3238 dicat
679 3173 733 3258 (de
756 3171 875 3248 Anima,
889 3174 922 3253 5,
943 3188 1016 3240 text.

105 3281 216 3324 comm.
243 3261 313 3346 18)
337 3260 419 3346 quod
453 3260 623 3326 intellectus
647 3261 800 3346 possibilis
834 3276 879 3328 est
902 3265 932 3329 in
955 3285 1017 3350 quo

106 3363 151 3412 est
184 3351 287 3414 omnia
322 3349 399 3427 lteri3
435 3349 516 3414 unde
539 3351 658 3416 videtur
682 3351 764 3435 quod
786 3351 824 3416 sit
845 3352 1017 3438 subjectum

106 3437 205 3504 solum
230 3439 353 3504 illorum
378 3459 456 3524 quac
478 3452 549 3504 sunt
571 3439 648 3504 lacta
673 3439 835 3506 intellecta.

170 3525 257 3608 ltem,
279 3528 325 3593 De
348 3527 501 3594 intellectu
526 3543 634 3616 agente
660 3529 752 3595 ctiam
789 3549 879 3619 supra
902 3530 948 3617 (l.
984 3531 1015 3605 ⁶2,
