2462 3968
370 242 427 287 tin.
450 241 491 286 nt.
515 239 578 287 etr.
603 236 678 284 tarr.
840 241 844 249 ·
933 221 996 287 latr

76 307 212 394 cognosci
237 327 293 396 per
307 309 462 388 effectum
477 310 565 376 etsie
580 305 770 374 subtrahitur
785 308 875 375 nobis
892 312 995 378 omnis

76 397 203 481 cognitio
228 399 375 465 scientiae
409 399 567 478 naturalis,
590 397 622 462 in
645 417 705 483 qua
747 398 911 486 praecipue
942 398 996 466 de·

75 487 310 554 monstrationes
333 508 388 574 per
411 487 553 554 effectum
577 497 760 572 sequuntur.

131 573 222 651 item,
248 577 380 664 Apparet
402 597 459 663 per
475 576 684 642 inductionem
701 574 731 638 in
748 573 894 642 omnihus
911 576 996 664 quod

76 660 166 730 simile
191 679 266 749 agat
289 686 379 731 snum
403 665 514 730 simile.
539 665 572 730 ld
596 677 700 728 autem
723 661 807 750 quod
832 678 998 750 generatur

76 750 104 814 in
121 752 218 818 rebus
245 753 444 820 inferioribus
484 774 547 820 non
572 766 617 820 est
642 750 741 818 forma
777 766 909 832 tantum,
941 753 997 822 sed

76 841 279 926 compositum
311 864 348 908 ex
372 843 501 908 materia
526 853 557 908 et
590 840 701 920 iorma;
725 862 796 908 nam
819 843 920 910 omnis
943 863 998 928 ge·

75 929 185 995 necatio
202 951 243 996 ex
260 932 363 1018 aliquo
375 946 431 1011 est,
443 931 558 996 seilicet
569 951 606 996 ex
618 931 757 1010 materia,
769 943 800 996 et
815 930 855 996 ad
868 931 996 1018 aliquid,

76 1015 183 1084 scilicet
207 1019 262 1084 ad*
276 1019 421 1086 formam.
444 1017 575 1107 Oportet
598 1021 690 1105 igitur
724 1020 807 1108 quod
844 1040 997 1106 generans

75 1108 182 1173 nonsit
200 1107 301 1175 forma
327 1121 456 1188 tantum,
472 1109 527 1176 sed
544 1109 751 1195 compositum
768 1128 805 1175 ex
822 1110 950 1176 materia
966 1122 998 1176 et

76 1191 179 1261 lorma.
202 1197 273 1263 Non
297 1197 388 1283 igitur
416 1199 534 1286 species
574 1218 679 1263 rerum
715 1212 943 1285 separatarum,
963 1212 998 1266 ut

76 1279 222 1352 Platonici
247 1301 427 1372 posuerunt,
462 1306 563 1372 neque
601 1285 801 1370 intelligentia
835 1307 942 1371 agens,
965 1301 999 1354 ut

76 1371 171 1456 posuit
207 1375 373 1456 Avicenna,
396 1389 442 1442 est
477 1395 569 1442 causa
603 1374 774 1442 sennarum
812 1395 892 1463 quae
926 1389 998 1442 sunt

76 1457 105 1522 in
129 1465 274 1544 materiis,
297 1465 352 1532 sed
377 1465 474 1552 magis
497 1464 556 1531 hoe
579 1465 783 1550 compositum
807 1484 845 1531 ex
869 1466 997 1532 materia

77 1560 106 1611 et
128 1548 238 1619 iorma.

140 1637 227 1722 ltetn,
252 1641 283 1707 Si
308 1662 400 1728 agere
423 1642 561 1729 sequitur
584 1640 623 1707 ad
646 1659 714 1708 esse
737 1643 768 1706 in
786 1655 868 1720 actu;
891 1641 997 1708 incana

79 1726 203 1794 ueniens
223 1732 369 1818 estquod
385 1745 469 1798 aetus
486 1731 650 1819 perfectior
668 1731 788 1796 actione
803 1730 996 1798 destituatur.

78 1811 242 1886 pertentor
265 1833 369 1886 autem
393 1833 478 1886 actus
501 1835 546 1886 est
562 1819 660 1886 forma
679 1819 886 1886 substantialis
902 1841 997 1908 quam

80 1898 175 1969 iorma
189 1907 392 1974 accidentalia.
409 1908 441 1976 Si
456 1909 549 1992 igitur
564 1907 683 1974 iormae
699 1907 903 1976 accidentales
916 1930 997 1997 quae

80 2005 148 2056 sunt
170 1995 201 2060 in
226 1997 316 2063 rebus
338 1998 549 2084 corporalibus
564 1996 680 2064 habent
695 1997 834 2084 proprias
850 2001 999 2078 actiones,

19 2121 20 2124 κ
81 2080 175 2147 multo
215 2087 311 2172 magis
349 2085 448 2152 forma
486 2087 692 2154 substantialis
734 2085 828 2152 habet
864 2087 1000 2174 aliquam

80 2171 236 2256 propr-iam
270 2174 433 2240 actionem.
475 2175 543 2241 Non
581 2188 626 2239 est
662 2186 766 2240 autem
804 2175 999 2262 (formae)

80 2253 232 2338 ejusmodi
255 2265 332 2329 actio
354 2263 518 2350 disponere
541 2263 713 2341 materiam,
736 2263 880 2349 quiahoc
895 2264 929 2330 fit
946 2285 1001 2351 per

81 2343 309 2430 alterationem,
340 2352 380 2417 ad
414 2373 508 2438 quam
530 2350 683 2418 sufficiunt
707 2350 826 2417 formae
860 2353 1001 2418 acciden-

80 2431 162 2501 tales.
186 2437 283 2524 lgitur
301 2440 398 2506 iorma
414 2441 588 2526 generantis
605 2454 650 2506 est
667 2440 852 2528 principium
871 2442 1000 2509 actionis

80 2531 112 2584 ut
144 2522 244 2592 iorma
266 2529 468 2597 substantialis
502 2529 715 2596 introducatur
752 2530 1001 2615 ingeneratum.

145 2613 293 2682 Rationes
316 2632 417 2684 autem
439 2639 516 2706 quas
539 2619 690 2684 inducunt
703 2616 792 2683 facile
807 2633 853 2684 εει
869 2620 1001 2686 solvere.

146 2701 225 2769 Cum
249 2705 331 2770 enim
352 2707 391 2772 ad
415 2707 474 2774 hoc
497 2707 611 2794 aliquid
630 2706 682 2772 fiat
696 2721 728 2771 ut
743 2707 791 2784 sit,
807 2708 887 2772 sicut
902 2707 1001 2774 forma

84 2804 145 2854 non
169 2792 281 2858 dicitur
304 2816 355 2860 ens
379 2797 465 2882 quasi
504 2798 568 2884 ipsa
593 2796 705 2862 habeat
728 2815 806 2874 esse,
839 2795 893 2862 sed
929 2798 1001 2883 quia

83 2893 137 2958 per
158 2900 228 2946 eam
252 2884 455 2964 compositum
479 2897 536 2964 est,
559 2885 599 2950 ita
618 2904 675 2950 nec
693 2881 792 2949 iorma
810 2885 934 2971 proprie
958 2886 1003 2962 fit,

86 2964 137 3029 sed
161 2968 267 3059 incipit
290 2991 357 3037 esse
381 2993 435 3059 per
464 2973 523 3038 lroc
557 2973 640 3058 quod
664 2972 868 3058 compositum
893 2974 933 3038 sit
954 2995 1002 3039 re-

87 3049 211 3123 ductum
235 3061 273 3125 de
298 3064 430 3146 potentia
455 3062 486 3126 in
510 3075 623 3140 actum,
647 3060 699 3146 qui
723 3073 768 3124 est
791 3059 902 3126 iorrna.

147 3143 324 3214 Nec.etiam
348 3163 466 3236 oportet
489 3163 522 3216 ut
545 3169 638 3216 omae
653 3148 738 3234 quod
755 3149 847 3215 habet
864 3150 1001 3237 aliquam

87 3222 216 3302 lormam
240 3237 326 3324 quasi
350 3239 557 3326 participatam
581 3236 708 3326 recipiat
729 3257 798 3302 eam
822 3239 1001 3306 immediate

89 3313 125 3382 ab
147 3339 185 3386 eo
207 3326 290 3412 quod
313 3337 359 3392 est
381 3328 580 3394 essentialiter
609 3326 720 3405 forma,
742 3325 798 3391 sed
822 3327 1001 3395 immediate

89 3406 210 3488 quidem
234 3415 274 3479 ab
297 3413 357 3480 alio
380 3416 462 3502 quod
485 3416 578 3482 habet
601 3415 734 3482 similem
759 3413 891 3481 lormem
909 3418 1001 3485 simili
1083 3472 1089 3485 .

90 3496 325 3582 motacillae
351 3506 575 3594 participatam,
613 3504 697 3592 quod
735 3517 839 3570 tamen
876 3521 946 3592 agat
970 3508 1000 3574 in
