2452 3970
396 247 452 292 tta.
478 248 522 293 ut.
546 227 610 293 bno.
635 248 690 292 ιιι.
938 228 1000 294 153

70 329 185 384 creatus
209 317 315 403 aliquo
338 315 442 382 divino
464 316 582 383 lumine
606 315 727 381 adhoc
757 314 840 402 quod
864 315 998 382 divinam

71 406 233 472 essentiam
257 405 361 471 videre
374 407 478 491 possit3
496 427 550 490 per
562 404 645 491 quod
658 405 756 490 prima
772 405 849 470 ratio
861 405 999 472 solvitur.

129 494 317 579 llujusmodi
356 508 459 560 autem
494 497 600 560 lumen
635 493 827 560 intellectum
861 508 998 560 creatum

69 583 105 649 ad
126 585 184 649 Dei
223 584 373 649 visionem
407 583 528 664 exaltat,
563 605 625 648 non
663 595 790 669 propter
823 580 889 664 ejus
922 583 1000 648 iudi-

66 675 207 738 stantiam
234 694 253 737 a
277 673 378 737 divina
401 672 581 750 substantia,
603 671 658 736 sed
692 684 817 757 propter
855 671 998 737 virtutem

36 804 38 810 .
67 782 157 848 quam
181 785 201 828 a
224 763 294 828 Deo
311 761 442 828 sortitur
462 753 503 828 'ad
527 763 620 828 talem
654 759 810 840 ellectum,
849 759 919 826 licet
951 782 1000 826 se·

66 851 203 917 cundum
228 871 322 918 suum
345 871 413 916 esse
437 871 454 916 a
479 853 546 918 Deo
570 850 601 915 iu
640 849 793 916 inlinitum
828 847 929 928 distet,
967 864 1000 915 ut

66 940 200 1006 secunda
226 941 305 1006 ratio
329 941 532 1026 proponebat;
571 959 634 1004 non
672 937 756 1004 enim
797 939 856 1003 hoc
893 939 999 1004 lumen

65 1043 202 1094 creatum
229 1024 419 1094 intellectum
442 1031 510 1098 Deo
533 1027 693 1113 conjungit
727 1026 898 1094 secundum
922 1049 999 1106 csse,

66 1118 118 1182 sed
140 1118 318 1184 secundum
341 1117 512 1205 intelligere
535 1118 645 1184 solunt.
924 1121 928 1128 '

132 1207 213 1289 Quia
240 1227 313 1272 vero
336 1206 431 1292 ipsius
465 1209 522 1274 Dei
559 1205 719 1293 proprium
759 1217 804 1272 cst
842 1219 875 1270 ut
911 1226 998 1270 suam

66 1295 271 1362 substantiam
295 1293 429 1381 perfecte
455 1310 630 1382 cognoscat,
668 1296 772 1362 lumen
808 1293 999 1378 praedictum

67 1381 121 1449 Del
145 1385 319 1450 similitudo
343 1397 387 1448 est
410 1403 560 1471 quantum
584 1386 623 1450 ad
647 1384 706 1450 boc
744 1383 827 1471 qnod
866 1383 904 1448 ad
941 1383 999 1448 Det

67 1473 271 1539 substantiam
295 1472 459 1540 uidendam
488 1474 636 1562 perducit.
671 1473 735 1538 Hoc
763 1486 867 1537 autem
905 1473 998 1536 modo

67 1562 148 1626 nulla
172 1561 389 1628 intellectualis
426 1563 593 1629 substantia
631 1561 799 1628 similitudo
837 1559 894 1624 Dei
932 1582 999 1625 esse

68 1664 175 1734 potest;
199 1673 273 1718 cum
308 1651 390 1716 enim
425 1653 539 1717 nullius
573 1652 759 1718 substantiae
782 1662 902 1715 creatae
926 1649 999 1713 sint·

69 1737 183 1822 plicitas
205 1743 244 1806 sit
268 1738 404 1827 aequalis
442 1741 574 1820 divinae,
608 1739 798 1828 impossibile
836 1751 882 1802 est
917 1741 1000 1823 quod

68 1839 161 1894 totam
185 1849 276 1896 suam
298 1825 516 1916 perlectionem
540 1844 641 1896 creata
680 1827 848 1894 substantia
887 1827 1000 1893 lrabeat

70 1914 98 1978 in
121 1919 246 1997 eodem3
271 1919 330 1984 boo
353 1919 436 2000 enim
460 1932 506 1984 est
529 1919 689 2006 proprium
712 1918 780 1994 Dei,
796 1931 829 1982 ut
842 1929 999 1982 ostensum

70 2017 113 2068 est
135 2009 180 2086 (l.
207 2009 238 2087 l,
261 2028 328 2094 cap.
354 2006 434 2093 28),
459 2009 511 2094 qui
534 2007 705 2072 secundum
745 2007 827 2071 idem
862 2018 908 2070 est
946 2027 1000 2070 cns

70 2091 241 2182 intelligens
265 2109 296 2163 et
318 2097 434 2162 beatus.
458 2097 552 2182 igitur
575 2110 696 2182 oportet
731 2095 813 2160 aliud
851 2113 931 2171 esse,
969 2095 1000 2158 iu

72 2181 239 2251 substantia
279 2185 475 2251 intellectuali
514 2200 626 2264 creata,
661 2185 768 2250 lumen
802 2204 864 2271 quo
899 2181 1000 2248 divina

70 2269 183 2340 visione
219 2275 420 2354 beatificatur,
457 2288 487 2340 ct
525 2274 607 2339 aliud
641 2273 860 2360 quodcumque
895 2271 1000 2335 lumen

72 2363 183 2442 quoin
210 2365 311 2449 specie
334 2384 409 2430 suae
433 2376 559 2429 naturae
583 2363 755 2449 completur
777 2377 807 2426 et
830 2363 1000 2448 proportio-

72 2448 180 2516 naliter
203 2473 292 2518 suout
328 2453 528 2518 substantiam
564 2453 716 2538 intelligia
754 2471 791 2516 ex
825 2471 886 2536 quo
918 2463 1002 2538 patet

72 2536 180 2606 solutio
204 2541 311 2606 tertiae
333 2542 469 2606 rationis.

136 2627 350 2710 Quartavero
373 2631 500 2699 soluitur
523 2651 577 2716 per
600 2631 659 2694 ltoc
682 2628 765 2715 quod
790 2626 999 2694 visiodiuinae

27 2777 29 2782 .
75 2713 259 2784 substantiae
283 2739 407 2784 omnem
434 2719 604 2784 naturalem
629 2721 772 2783 virtutem
810 2716 944 2794 excedit,
965 2731 998 2781 ut

74 2816 300 2874 ostensumcst
321 2811 371 2894 (c.
397 2809 479 2892 bdp
504 2807 586 2872 unde
616 2823 646 2872 et
681 2808 784 2872 lumen
816 2824 877 2889 quo
913 2807 999 2870 iutel-

74 2887 165 2958 lcctus
181 2911 301 2962 oreatus
325 2897 481 2983 perficitur
504 2895 542 2960 ad
573 2896 694 2960 divinae
728 2895 916 2961 substantiae
954 2897 1000 2958 vi-

78 2978 192 3049 sionem
225 2999 346 3072 oportet
368 3005 435 3050 esse
458 2985 699 3069 supernaturale.

142 3071 248 3159 Neque
270 3088 373 3139 autem
398 3074 522 3138 divinae
544 3072 733 3137 substantiae
770 3070 920 3136 visionem
945 3073 1001 3136 irn-

82 3159 184 3238 pedirc
208 3175 307 3248 potest
329 3163 412 3248 quod
437 3162 522 3227 Deus
546 3161 656 3226 dicitur
689 3180 757 3225 esse
795 3159 944 3233 infinitus,
968 3176 1000 3224 ut

80 3247 180 3326 quinta
204 3254 281 3316 ratio
305 3251 505 3338 proponebat.
529 3251 596 3316 Non
623 3249 705 3314 enim
730 3248 841 3313 dicitur
864 3249 1000 3314 intinitus

80 3335 230 3417 privative,
252 3341 331 3406 siout
353 3341 516 3425 quantitas;
539 3337 716 3424 hujusmodi
740 3341 821 3402 enim
846 3337 998 3402 infinitum

81 3425 295 3494 rationabiliter
317 3441 362 3494 est
385 3429 536 3513 ignotum,
558 3429 629 3514 quia
666 3440 712 3492 cst
749 3425 835 3513 quasi
871 3429 998 3491 materia

82 3525 182 3584 carens
204 3516 315 3600 forma,
337 3538 417 3608 quae
439 3532 483 3585 est
507 3517 690 3608 principium
708 3516 888 3604 cognitionis
905 3515 1000 3604 (bnis
