2514 3972
394 257 451 302 uin.
474 256 515 300 ιιι.
538 255 602 302 ona.
626 255 747 302 cxxvui.
973 233 1041 304 587

120 324 267 392 haeretiei
290 337 362 393 sunt
383 323 541 412 quoniam,
564 345 597 390 se
621 325 660 392 ab
684 320 817 391 Ecclesia
849 339 1040 412 separantes,¹

118 415 236 481 nuliam
258 435 346 502 spem
369 427 476 506 putant
498 434 551 480 eos
578 415 694 481 habore
731 415 785 502 qui
823 425 952 482 utuntur
988 415 1040 484 uis

118 504 212 572 rebus
233 505 345 592 quibus
367 505 423 592 ipai
447 516 562 570 carent.

397 679 490 749 GAP
505 679 566 746 UT
602 679 758 750 cxxvlu.

250 859 408 943 Quomodo
431 859 598 923 seeundum
621 859 716 943 ioqom
738 859 798 924 Dot'
811 859 902 926 homo

358 950 401 1014 od
421 948 599 1032 pronianum
622 948 796 1015 ordinatur.

181 1126 224 1193 Ειι
246 1125 294 1192 his
316 1145 391 1210 ergo
414 1145 493 1212 quae
526 1123 606 1191 diota
643 1138 714 1192 aunt
750 1124 949 1193 manifestum
984 1139 1035 1196 eat

113 1216 199 1302 quod
221 1215 392 1282 seeundum
416 1215 517 1298 legem
537 1215 672 1279 diuinam
696 1216 790 1280 homo
820 1215 976 1282 inducitur
997 1229 1038 1284 ut

113 1303 254 1370 ordinem
278 1304 403 1378 nationis
426 1315 528 1368 servet
549 1303 581 1366 in
612 1303 756 1368 omnibus
778 1323 858 1390 quae
895 1305 926 1370 in
964 1305 1034 1392 ejua

111 1413 206 1458 usum
228 1393 334 1458 veniae
357 1403 495 1479 possunt
518 1391 599 1456 Ιιιιει·
622 1393 727 1457 omnia
760 1405 864 1458 autem
898 1395 1034 1479 quaein

112 1488 204 1548 usum
228 1480 362 1548 hominia
385 1481 522 1558 veniunt,
545 1481 710 1568 praecipuo
746 1493 818 1547 sunt
849 1481 943 1546 etiam
980 1482 1033 1549 alii

111 1571 266 1636 homines.
289 1569 390 1635 Homo
413 1584 516 1634 autom
551 1569 728 1634 naturaliter
766 1569 882 1636 animal
917 1571 1035 1638 sociale

110 1671 168 1734 ast:
191 1658 307 1744 indiget
327 1659 411 1724 onim
450 1657 555 1723 multis
588 1677 667 1744 quae
702 1677 759 1744 pao
795 1679 893 1724 unum
928 1659 1035 1728 solutu

110 1749 213 1835 parari
237 1769 300 1814 nou
322 1762 460 1836 possunt.
481 1744 610 1833 Oportet
633 1746 725 1830 igitur
763 1747 846 1833 quod
883 1765 922 1813 ειι
960 1747 1030 1836 tege

110 1837 213 1903 divina
236 1837 410 1904 instituatur
433 1837 527 1901 homo
551 1849 583 1900 ut
605 1835 776 1901 secundum
813 1835 957 1904 ordinem
978 1857 1030 1905 ra·

108 1927 201 1992 tionis
223 1947 258 1991 se
280 1925 392 1992 habeat
414 1925 453 1990 ad
475 1925 551 1994 alios
574 1925 726 1990 hominen

176 2014 294 2091 Adhuc,
317 2015 398 2080 Finis
421 2013 543 2079 diuinae
565 2013 641 2098 legis
674 2025 721 2078 eat
757 2025 791 2078 ut
828 2012 924 2080 homo
948 2009 1026 2085 'Deo

74 2131 76 2135 ·
108 2101 285 2170 adhaereat.
308 2104 435 2170 luuntur
458 2115 560 2166 autem
585 2123 663 2166 unus
687 2103 783 2167 homo
818 2101 851 2166 in
889 2102 949 2169 hoo
986 2123 1025 2170 ex

107 2193 179 2272 alio,
203 2205 265 2260 tam
299 2205 450 2278 quantum
487 2189 527 2254 ad
564 2191 771 2274 cognitionem
803 2209 898 2276 quam
930 2191 1045 2264 etiam*

107 2293 259 2368 quantum
282 2282 321 2346 ad
344 2279 547 2355 effectionem
568 2276 675 2362 juvant
697 2279 784 2344 enim
810 2298 844 2344 aa
881 2279 1027 2347 homines

107 2382 220 2436 mutuo
241 2369 272 2434 in
296 2369 472 2454 cognitione
495 2367 640 2445 veritatis,
662 2379 692 2430 et
715 2388 795 2434 unus
821 2367 916 2434 alium
954 2389 1030 2456 pro·

108 2473 198 2525 vooat
220 2458 260 2524 od
283 2457 400 2524 bonum
423 2469 453 2522 et
475 2455 602 2522 retrahit
624 2475 642 2520 a
665 2455 758 2535 maio;
784 2456 869 2522 unda
905 2456 1027 2525 dieitur:

107 2549 241 2613 Ferrum
260 2547 344 2631 (erro
366 2545 537 2624 exacuitur,
565 2555 600 2607 ‘ot
633 2544 722 2608 nomo
755 2545 878 2611 euanuit
912 2546 1026 2630 sociem

107 2637 202 2704 amici
223 2637 282 2714 aui,
305 2635 449 2701 Proverb.
474 2635 527 2709 ⁶27,
552 2632 604 2710 173
642 2646 683 2698 et:
720 2633 831 2698 Melius
865 2645 912 2700 out
947 2637 1028 2702 duna

107 2745 174 2792 eaao
194 2725 289 2790 simul
309 2744 403 2809 quom
424 2743 533 2798 utouun
556 2721 669 2788 hubent
690 2723 771 2786 anim
787 2723 1025 2791 emotameutam
1102 2793 1103 2798 ,

107 2815 265 2880 aooiatatia
285 2833 372 2893 atton
394 2812 423 2876 ai
437 2831 515 2878 unua
529 2812 682 2890 occiderit,
696 2809 737 2876 oo
753 2811 852 2875 utero
866 2811 1026 2896 fulciatura

113 2903 175 2969 Vua
195 2903 265 2982 ooli,
287 2903 371 2988 quio,
392 2921 461 2966 oum
481 2901 636 2976 aonidum,
655 2919 717 2965 nou
740 2898 831 2965 itabat
861 2899 1024 2970 oubieoou·

107 3005 169 3058 tom
190 3013 233 3058 ao.
256 2990 297 3056 Et
316 2992 344 3056 ai
377 2989 560 3054 dormierint
591 2989 655 3052 duo
691 2989 873 3073 sonabuntur
906 3002 1024 3072 mittun

105 3100 186 3148 uuus
207 3079 360 3165 quomodo
382 3078 516 3166 calefiat?
538 3077 577 3142 Et
599 3079 626 3142 ai
644 3079 799 3162 quispiam
813 3081 1025 3160 proauoutorit

106 3181 215 3236 contro
235 3188 341 3248 uuum,
362 3168 423 3233 duo
445 3169 593 3234 raaiotuut
613 3167 650 3244 ei,
674 3167 783 3242 Baelo„
805 3167 838 3245 lu,
865 3167 952 3232 942
977 3166 1038 3233 Οι

107 3259 223 3349 portuit
244 3259 337 3345 igitur
359 3256 428 3342 lege
449 3255 553 3323 divina
584 3255 721 3322 ordinari
756 3255 933 3322 sotietatem
967 3257 1027 3322 ho·

107 3350 229 3415 minum
252 3347 291 3413 ad
313 3345 455 3411 invicem.

175 3437 324 3524 Amplius,
346 3433 409 3500 Lex
429 3433 532 3499 diuina
554 3443 600 3500 est
623 3431 775 3518 quaedam
797 3431 876 3499 natio
902 3431 1026 3500 divinae
1040 3455 1046 3482 τ

107 3524 320 3617 providentiae
343 3523 382 3594 ad
401 3523 546 3592 nominas
568 3521 800 3610 gubernandos.
819 3523 866 3606 nd
889 3522 1024 3596 diviono
