2462 3968
217 227 282 294 roa
504 248 560 292 ιιι.
583 247 625 291 ιιι.
651 246 714 292 cnr.
738 245 864 291 ιιιιιιι.

216 330 262 382 εει
283 315 459 402 exemplum
492 317 568 402 ejus.
592 315 624 380 Si
648 327 750 382 autem
785 316 887 379 anima
924 314 1058 380 humana
1095 314 1127 379 in

216 405 307 471 aliam
331 405 465 470 animata
488 405 657 471 humanam
687 402 802 490 aliquid
840 423 894 490 per
917 406 1128 490 operationem

215 495 406 580 corporalem
418 493 618 580 imprimeret,
630 493 708 559 sicut
722 513 793 558 cum
807 513 862 580 per
873 492 1128 580 significationem

215 584 297 648 vonis
320 603 408 649 suam
431 583 663 668 intelligentiam
686 582 802 668 pandit,
831 583 909 648 actio
944 582 1126 667 corporalis.

215 692 294 759 quae
317 686 363 738 est
385 672 423 737 ab
446 691 508 736 una
531 671 720 750 animmnon
745 671 884 758 pervenit
907 670 945 735 ad
962 671 1054 736 aliam
1069 668 1128 735 nisi

213 763 370 828 mediante
393 780 532 847 carpore3
555 778 614 826 tux
638 761 721 825 enim
751 760 869 845 prolata
902 760 1044 827 immutat
1078 779 1130 824 or-

215 872 329 936 ganum
353 849 485 919 auditus.
519 863 560 928 et,
582 850 626 916 sic
659 869 791 915 asensu
830 861 974 936 percepta
1010 847 1091 933 (illa
1104 849 1130 923 l,

216 939 352 1026 pervenit
375 937 441 1024 ejus
474 937 629 1022 signatum
663 958 762 1024 usque
796 937 834 1001 ad
865 937 1063 1004 intellectum.
1098 937 1129 1002 Si

214 1031 307 1113 igitur
329 1028 432 1092 anima
456 1027 594 1092 caelestis
615 1027 731 1114 aliquid
765 1025 922 1114 imprimat
956 1026 986 1091 in
1011 1026 1130 1091 animas

214 1131 333 1182 nostras
356 1137 412 1204 per
435 1131 553 1182 motum
578 1135 773 1204 corporeum,
795 1116 874 1180 aetio
900 1115 951 1181 illa
975 1137 1036 1180 non
1062 1135 1132 1201 per·

213 1207 296 1272 venit
320 1225 417 1293 usque
439 1205 479 1270 ad
501 1207 636 1270 animam
659 1219 795 1270 nostram
816 1205 875 1269 nisi
910 1223 965 1291 per
988 1205 1131 1270 mutatio·
1216 1249 1217 1290 3

214 1316 285 1360 nent
310 1295 447 1381 corporis
470 1294 576 1370 nostri;
609 1314 689 1379 quae
712 1293 839 1380 quidem
863 1314 925 1358 non
957 1306 1004 1359 est
1037 1313 1130 1358 causa
1216 1357 1217 1378 p

214 1399 389 1450 nostrarum
411 1384 579 1461 actionum,
602 1383 656 1448 sed
679 1383 799 1448 occasio
822 1395 953 1461 tantum,
978 1383 1056 1447 sicut
1094 1401 1130 1446 ει
1216 1381 1217 1446 ι

214 1473 392 1560 praemissis
418 1477 469 1562 (e.
491 1471 535 1536 85
551 1473 583 1536 in
605 1471 694 1557 line)
717 1485 809 1558 patet.
833 1470 901 1536 Non
939 1471 1033 1556 igitur
1072 1471 1130 1536 erit

214 1577 317 1628 motus
339 1562 478 1644 caelestis
500 1581 592 1627 causa
621 1574 743 1626 nostrae
781 1559 940 1626 electionis
978 1560 1036 1625 nisi
1075 1580 1131 1646 per

213 1653 405 1720 occasionem
430 1662 559 1715 tantum.
638 1661 641 1668 ’

280 1742 366 1819 ιιειιι,
388 1739 466 1805 Cum
491 1757 619 1803 movens
650 1749 682 1804 et
706 1749 825 1803 motum
861 1749 1003 1824 oporteat
1036 1735 1130 1801 simul

214 1849 292 1908 esse,
315 1843 349 1894 ut
382 1827 529 1912 probatur
561 1830 592 1895 in
627 1827 757 1914 septimo
793 1826 995 1913 Physioorum
1028 1826 1129 1913 (text.

214 1939 327 1983 comm.
352 1918 394 1982 ll)
417 1931 448 1982 et
471 1915 549 1981 inira
561 1918 584 2000 )‚
600 1929 722 2004 oportet
734 1914 817 2002 quod
833 1937 851 1980 a
867 1917 968 2003 primo
986 1928 1130 1980 movente
1214 1925 1215 1932 ’

214 2007 374 2094 proveniat
396 2019 498 2071 motus
521 2025 619 2091 usque
642 2006 682 2071 ad
705 2004 847 2070 ultimum
870 2004 954 2091 quod
977 2017 1130 2081 movetur,

214 2096 348 2182 quodam
374 2095 492 2174 ordina,
516 2107 550 2158 ut
571 2093 687 2160 scilicet
708 2112 837 2159 movens
858 2115 914 2181 per
937 2093 968 2158 id
983 2093 1068 2180 quod
1086 2104 1131 2159 est

213 2185 271 2250 sibi
294 2185 468 2272 proximum
493 2196 614 2248 moveat
636 2182 667 2248 id
691 2183 774 2269 quod
797 2196 842 2247 est
879 2183 919 2248 ab
942 2203 979 2248 eo
1002 2181 1130 2248 distans.

213 2273 340 2360 Corpori
366 2288 469 2339 autem
493 2271 631 2350 caelesti,
649 2270 732 2357 quod
767 2272 883 2336 moueri
926 2271 1051 2356 ponitur
1091 2270 1129 2336 ab

213 2363 315 2427 anima
338 2363 395 2427 sibi
419 2360 593 2446 conjuncta,
616 2360 816 2448 propinquius
852 2373 900 2426 est
922 2379 1034 2446 corpus
1072 2380 1130 2424 no-

213 2463 310 2516 strum
333 2469 426 2538 quum
450 2451 564 2526 anima,
586 2469 666 2536 quae
699 2449 879 2514 nonhabet
913 2448 1055 2514 ordinem
1091 2447 1129 2513 ad

213 2560 325 2628 corpus
347 2540 479 2606 caeleste
517 2539 574 2604 nisi
612 2536 769 2604 mediante
792 2557 932 2625 eorpore;
970 2536 1055 2622 quod
1092 2555 1129 2601 er

213 2630 273 2695 lrno
296 2643 378 2716 patet
400 2629 471 2714 quia
498 2626 672 2693 intellectus
692 2642 853 2712 separatus
877 2626 996 2691 nullum
1036 2625 1131 2690 habet

213 2719 354 2784 ordinem
379 2717 416 2784 ad
440 2737 551 2802 corpus
574 2715 716 2794 caeleste,
739 2714 797 2780 nisi
820 2714 898 2780 lorte
921 2714 1074 2780 moventis
1090 2713 1129 2778 ad

212 2822 342 2874 motum.
359 2807 533 2872 lmmutatio
557 2805 650 2889 igitur
661 2803 800 2890 corporis
815 2803 954 2869 caelestis
969 2803 1009 2868 ab
1025 2803 1128 2868 anima

213 2897 279 2983 ejus
302 2895 471 2984 procedens
495 2913 556 2960 non
580 2892 724 2980 pertingit
759 2893 799 2958 ad
822 2893 956 2958 animam
991 2905 1129 2957 nostram

212 2987 270 3051 taisi
293 2985 451 3051 mediante
474 3001 613 3070 corpore.
639 2983 825 3047 Admotum
850 2995 955 3047 autem
989 2979 1129 3067 corporis

213 3095 275 3140 non
300 3087 442 3139 movetur
465 3073 566 3137 anima
590 3071 647 3136 nisi
671 3089 726 3157 per
749 3070 900 3148 accidens,
935 3089 992 3136 nce
1016 3071 1128 3149 immu-

212 3167 362 3230 tationem
385 3163 523 3249 corporis
545 3160 684 3247 sequitur
707 3159 816 3224 electio
843 3160 900 3224 nisi
923 3179 979 3245 per
995 3157 1128 3223 occasio·

212 3274 296 3332 nem,
314 3266 351 3322 ut,
369 3251 484 3316 dictum
508 3263 553 3315 est
585 3256 639 3339 (c.
654 3249 697 3314 85
714 3251 737 3327 l.
760 3247 858 3314 lllotus
882 3248 974 3334 igitur
989 3246 1126 3313 caelestis

211 3363 274 3407 non
299 3355 487 3428 potestesse
510 3359 601 3404 eausa
638 3337 794 3406 electionis
829 3351 951 3403 nostrae
988 3355 1044 3423 per
1070 3335 1126 3401 hoc

212 3430 297 3517 quod
321 3443 368 3494 est
390 3430 429 3494 ab
454 3429 566 3493 anima.

290 3517 464 3595 Praeterea,
504 3513 683 3580 Secundum
728 3515 913 3601 positionem
953 3512 1123 3578 Aviceunae
1214 3551 1215 3602 p
