2494 3970
226 228 268 294 56
458 249 524 294 ma..
539 249 581 294 ιιι.
605 248 667 294 cnr.
692 250 752 295 ιιιιι.
775 249 811 294 ιτ
834 249 904 295 ιιιιι.

224 315 370 402 quodque
393 318 518 404 quando
541 331 641 404 potest
664 319 794 384 alterurn
818 319 875 384 sibi
898 315 1011 398 simile¹
1029 314 1142 382 facere:

222 406 298 471 iffud
323 407 405 472 enim
428 405 563 493 perfecte
585 407 666 474 lucet
689 409 771 495 quod
795 408 853 473 alia
882 407 1057 472 illuminare
1086 425 1143 491 po·

223 509 291 560 test.
315 494 565 583 Unumquodque
588 510 692 562 autem
716 497 845 562 tondens
874 497 911 561 in
948 514 1037 561 suam
1071 513 1142 580 per·

222 583 388 650 factionem
413 584 508 650 tendit
532 585 563 650 in
587 586 722 653 divinam
747 585 990 652 similitudinem.
1007 584 1066 648 Per
1082 583 1143 648 hoc

223 673 316 757 igitur
340 673 585 759 unumquodque
608 675 704 740 tendit
727 676 758 740 in
797 675 933 739 diuinam
968 670 1144 738 similitudi-

224 781 297 826 nem
321 761 404 849 quod
428 762 559 828 intendit
581 763 711 828 afiorum
735 784 826 829 causa
850 783 927 828 esse.
967 761 1045 844 Quia
1069 780 1144 824 vero

224 871 326 927 causa,
350 853 532 936 inquantum
557 851 747 938 hujusmodi,
769 853 910 939 superior
939 865 985 916 est
1007 862 1145 922 causato,

224 939 422 1004 manifestum
447 940 599 1026 estquod
624 941 751 1006 tendere
775 943 805 1006 in
830 941 965 1007 divinam
1003 937 1145 1004 similitu-

226 1028 330 1092 dinem
356 1049 411 1114 per
435 1028 518 1094 hunc
542 1029 671 1096 modum
695 1043 729 1096 ut
751 1031 790 1096 sit
813 1028 862 1115 (f)
887 1029 1017 1095 aliorum
1040 1047 1145 1104 causa,

226 1131 272 1182 est
295 1118 437 1204 superior
461 1117 606 1204 perfectio
629 1121 660 1186 in
684 1119 816 1184 entibus.

293 1207 381 1283 item,
404 1205 492 1271 Prius
515 1221 560 1272 est
584 1207 829 1294 unumquodque
852 1208 883 1272 in
918 1225 951 1272 se
974 1203 1146 1293 perfectum

52 1309 56 1317 “
142 1377 146 1388 Ι
226 1315 319 1379 quam
344 1297 438 1381 possit
461 1295 592 1361 alterum
623 1317 761 1375 causare,
785 1311 818 1362 ut
841 1296 957 1362 dictum
981 1307 1036 1360 cst.
1064 1292 1147 1358 Haec

227 1384 320 1468 igitur
343 1382 489 1470 perfectio
513 1386 621 1451 ultimo
644 1385 753 1452 accidit
776 1387 821 1451 rei
845 1400 878 1451 ut
901 1385 1033 1451 aliorum
1052 1401 1147 1447 causa

227 1474 344 1538 existat.
369 1472 445 1539 Cum
469 1473 562 1558 igitur
584 1495 640 1561 par
663 1474 758 1540 muita
782 1475 889 1540 tendat
912 1493 961 1538 res
987 1484 1089 1538 creata
1112 1470 1147 1536 in

227 1561 363 1627 divinam
387 1561 632 1644 similitudinem,
663 1563 723 1629 hoc
758 1563 901 1629 ultimum
935 1563 963 1627 ei
997 1572 1091 1626 restat
1112 1571 1148 1624 ut

228 1651 364 1716 divinam
388 1650 621 1717 similitudinem
646 1665 774 1738 quaerat
800 1673 856 1740 per
894 1652 953 1717 hoc
991 1647 1074 1735 quod
1109 1649 1149 1710 sit

228 1741 360 1805 afiorum
384 1759 486 1804 causa.
513 1741 598 1806 Unde
621 1741 787 1828 Dionysius
811 1741 883 1806 dicit
907 1735 1147 1826 (Caelestilicr.

229 1847 257 1892 c.
281 1830 317 1914 5)
340 1826 424 1914 quod
448 1832 582 1895 canutum
607 1830 743 1895 divinius
767 1842 812 1896 est
836 1831 894 1896 Dei
917 1837 1151 1912 cooperatorem

227 1921 305 2004 pera}
329 1916 500 1982 secundum
535 1918 617 2005 quod
653 1919 815 2006 Apostolus
839 1919 920 1986 dicit:
949 1918 1008 1983 Dei
1043 1935 1150 2004 sumus

228 2009 396 2092 adjutores,
421 2006 450 2070 f.
474 2007 553 2083 Con,
580 2008 611 2088 ὅ,
634 2007 665 2072 9.

539 2184 711 2252 CAPUT
746 2184 838 2252 xxii.

231 2365 389 2444 Quomodo
412 2371 463 2429 res
485 2363 691 2429 diversimode
713 2365 745 2428 in
768 2383 839 2428 suos
861 2365 938 2450 fiaes
951 2363 1151 2428 ordinantur.

296 2542 337 2610 Ex
361 2541 537 2628 praemissis
575 2553 679 2605 autem
715 2539 912 2606 manifestum
947 2561 1015 2607 esse
1050 2552 1152 2626 potest

229 2631 313 2716 quod
337 2631 478 2696 ultimum
503 2649 558 2714 per
581 2629 665 2714 quod
689 2631 892 2716 unaquaeque
916 2649 965 2695 res
989 2629 1153 2694 ordinatur

230 2718 269 2782 ad
294 2719 387 2786 finem
411 2731 456 2784 est
480 2719 545 2802 ejus
569 2717 718 2804 operatio,
742 2717 950 2784 diversimode
974 2732 1077 2783 tamen
1101 2737 1154 2781 se-

231 2809 368 2874 cundum
392 2808 599 2872 diversitatem
624 2807 820 2893 operationis.

295 2898 372 2963 Nam
396 2894 547 2983 quaedam
571 2896 708 2981 operatio
731 2909 777 2962 est
810 2895 854 2961 rei
891 2909 924 2960 ut
957 2895 1040 2960 aliud
1079 2914 1147 2958 mo-

229 2990 338 3067 ventis,
361 2989 439 3052 sicut
462 2983 631 3050 calefacere
653 2998 700 3072 ct
737 3005 851 3050 secare.
877 2983 1037 3065 Quaedam
1072 3002 1148 3047 vero

230 3091 275 3141 est
298 3077 435 3163 operatio
459 3073 503 3140 rei
523 3073 560 3139 ἰιι
583 3073 622 3138 ab
646 3073 706 3138 alio
729 3088 843 3152 motae,
866 3073 943 3136 sicut
965 3071 1099 3137 calefieri
1116 3087 1149 3134 et

229 3169 335 3231 secari.
372 3165 532 3248 Quaedam
571 3182 645 3227 vero
682 3163 819 3248 operatio
858 3175 903 3225 est
926 3159 1082 3247 perfectio
1111 3179 1149 3223 o·

230 3256 365 3340 perantis
390 3267 459 3320 actu
490 3250 656 3328 existentis,
690 3252 721 3315 in
759 3249 843 3315 aliud
878 3247 1149 3314 transmutandum

228 3364 292 3410 non
317 3343 457 3421 tendens,
482 3360 614 3427 quorum
639 3340 740 3425 primo
770 3338 903 3404 differta
939 3338 1080 3424 passione
1118 3349 1150 3400 et

229 3448 333 3511 motu,
356 3431 491 3496 secundo
515 3449 588 3492 uero
612 3429 651 3492 ab
675 3429 795 3494 actione
818 3427 1049 3494 transmutativa
1065 3439 1150 3492 exte·

284 3539 323 3611 (f)
346 3538 379 3592 Ut
397 3541 443 3606 sit,
462 3535 555 3605 suppia
567 3548 621 3585 cns.

1233 203 1235 328 i
