2516 3968
412 233 468 280 nm.
499 235 539 280 ιιι.
564 233 626 280 ma.
652 232 760 281 ernau.
987 214 1052 282 tus

129 301 222 370 detur
245 300 437 369 conveniens
452 323 518 370 esse
542 304 591 368 hic
615 305 726 372 modus
761 300 883 368 vivendi
916 323 1054 394 pauper·

131 405 227 460 tatem
252 393 456 474 voluntariam
480 393 718 460 assumentdms.

196 482 228 547 Si
251 481 319 568 quis
342 493 446 547 autem
469 483 697 550 mendicitatem
723 479 850 548 laudare
883 481 955 548 velit
978 503 1064 569 pro·¹

129 583 199 656 pter
235 569 451 645 hurnilitutcm,
482 571 600 636 videtur
638 573 765 638 omnino
799 570 1048 640 irrationabiliter

127 659 222 748 loqui.
258 659 413 726 Laudatur
448 661 532 726 enim
569 661 728 728 humilitas
761 659 933 726 seotmdum
963 661 1048 748 quod

127 749 336 816 contemnitur
359 761 481 816 terrena
504 749 642 826 altitudo,
665 769 745 835 quae
772 748 910 816 consistit
943 748 976 816 in
999 751 1047 818 di·

128 838 220 916 vitiis,
243 837 425 914 honoribus,
440 835 522 902 lama
538 852 568 902 et
592 837 782 924 hujusmodi,
795 857 857 904 non
881 849 1047 908 autemsa-

125 927 264 992 oundum
288 925 371 1012 qnod
387 928 595 992 contemnitur
618 928 747 994 altitudo
771 927 888 994 virtutis
904 942 1046 1015 respectu

125 1015 214 1102 cujus
237 1027 357 1101 oportet
380 1035 437 1082 nos
466 1017 679 1100 rnagmmimos
715 1037 792 1082 esse.
832 1016 916 1080 Esset
950 1019 1044 1102 igitur

127 1102 329 1191 vituperanda
354 1103 523 1184 humilima,
547 1106 572 1168 si
597 1105 665 1190 quis
689 1125 814 1194 propter
839 1105 1045 1172 humilitatem

124 1193 244 1279 aliquid
265 1191 380 1258 laceret
408 1193 492 1278 quod
529 1193 681 1258 altitudini
718 1195 836 1259 virtutis
869 1193 1044 1280 derogaret.

122 1283 261 1367 Derogat
281 1295 384 1346 autem
407 1283 435 1345 ei
459 1282 648 1362 mendicitas,
684 1297 750 1348 turn
774 1283 845 1369 quia
880 1283 1045 1352 virtuosius

122 1385 170 1436 est
193 1372 268 1436 dare
291 1389 386 1456 quam
411 1371 560 1456 accipere,
586 1385 650 1436 tum
683 1373 755 1458 quia
794 1374 887 1437 habet
909 1375 1045 1460 speciem

124 1461 221 1546 turpis
245 1460 333 1535 lucri,
356 1471 388 1522 ut
411 1457 526 1524 dictum
550 1475 604 1526 est.
629 1461 696 1526 Non
734 1473 779 1526 est
802 1463 894 1546 igitur
920 1479 1046 1550 propter

121 1549 327 1614 humilitatem
344 1548 524 1612 mendicitas
547 1549 710 1616 laudanda.

188 1639 325 1702 Fuerunt
358 1637 450 1700 etiam
486 1637 580 1723 aliqui
615 1639 666 1724 qm
702 1636 923 1724 perlectionem
962 1638 1043 1704 ritae

123 1725 311 1806 sectantibus
326 1724 470 1791 dicebant
493 1727 609 1792 nullam
633 1727 870 1794 sollicitudinem
892 1747 960 1793 esse
984 1729 1040 1793 lra-

121 1816 267 1894 bendam,
290 1833 390 1900 neque
412 1815 618 1884 mendicando
642 1835 742 1902 neque
755 1815 925 1882 laborando
936 1835 1040 1904 neque

120 1906 179 1970 sibi
204 1903 318 1990 alirmid
343 1906 540 1984 reservanda,
566 1905 621 1972 sed
645 1919 788 1992 oportere
825 1925 879 1970 eos
917 1925 935 1974 o
970 1907 1038 1972 solo

119 1995 187 2059 Deo
203 1991 466 2060 sustentationem
481 1994 560 2058 vitae
590 2010 762 2082 expectarm
795 2007 921 2080 propter
952 1996 1039 2082 quod

117 2083 238 2148 dicitur:
262 2081 308 2148 Ne
328 2082 456 2146 solliciti
476 2084 544 2148 aritia
564 2087 689 2148 unirnnc
709 2094 830 2148 uestrae
851 2083 927 2166 qaod
949 2105 1039 2150 metn-

116 2173 246 2252 duecte,
266 2191 362 2258 nequo
376 2173 499 2254 corpori
510 2183 620 2250 uestro,
637 2173 910 2257 qnidinducmiui‚
920 2172 1041 2252 Meuia,

117 2261 150 2340 6,
173 2261 231 2338 aaa
249 2273 279 2325 et
303 2263 424 2326 iterum:
449 2259 552 2326 Nolite
575 2281 645 2346 erno
669 2262 796 2326 aoldciti
822 2280 888 2326 esce
914 2262 947 2324 in
970 2275 1039 2326 arn·

116 2351 243 2420 atinum,
266 2349 381 2428 Martia„
396 2349 427 2428 6,
450 2349 502 2415 ot.
526 2349 591 2414 lloc
615 2362 719 2416 autem
753 2349 874 2416 uidetur
911 2351 1041 2418 omnino

119 2438 339 2517 irrationabile.

183 2527 319 2594 Stultum
343 2526 429 2593 enim
453 2539 501 2592 est
523 2525 600 2592 velle
623 2525 717 2592 linem
739 2539 771 2592 et
794 2527 1039 2614 praetermittere

119 2635 158 2682 ea
181 2629 356 2704 quaesunt
379 2616 518 2682 ordinata
542 2617 581 2680 ad
598 2616 703 2681 linem.
728 2615 773 2680 Ad
803 2617 897 2682 finem
930 2631 1039 2684 autem

117 2707 315 2773 comestionis
338 2705 498 2770 ordinatur
519 2704 693 2770 sollicitudo
715 2704 850 2770 humana
863 2725 919 2792 per
940 2725 1036 2792 quam

117 2795 177 2862 sibi
200 2797 313 2862 vietum
336 2807 492 2880 procurat.
514 2793 575 2874 Qui
598 2795 690 2879 igitur
713 2793 829 2878 absque
844 2794 1034 2860 comestione

118 2887 224 2950 viuere
244 2903 307 2949 non
319 2897 446 2970 possunt
469 2882 604 2968 aliquam
626 2881 866 2950 sollicitudinem
888 2882 930 2948 de
951 2883 1035 2952 victu

116 2974 297 3061 quaerendo
319 2973 433 3038 delient
456 2972 581 3036 habere.

186 3063 358 3141 Praeterea,
375 3060 555 3128 Sollicitudo
578 3074 775 3128 terrenorum
810 3079 873 3124 non
908 3072 955 3126 est
989 3061 1031 3141 ui·

118 3151 239 3231 tanda„
257 3151 316 3218 nisi
350 3151 422 3237 quia
446 3151 574 3236 impedit
611 3148 903 3235 contemplationem
938 3163 1037 3216 aeter-

118 3261 242 3306 norum.
266 3240 334 3306 Nan
358 3252 574 3326 potestantem
597 3239 695 3304 horne
716 3237 878 3304 mortalem
910 3257 1041 3304 carnem
1086 3282 1091 3292 ·
1175 3266 1179 3273 ·

118 3349 231 3414 gerens
247 3331 349 3395 vivere
371 3328 446 3414 quin
468 3327 564 3392 multa
586 3340 656 3412 agat
679 3328 790 3412 quibus
817 3327 1038 3413 contemplatio

118 3420 375 3506 interrumpatur,
399 3417 478 3482 sicut
501 3415 700 3493 dormiendo,
721 3415 926 3498 comedendo,
955 3429 989 3496 et
1008 3437 1040 3482 a·

118 3505 161 3578 lia
177 3505 355 3596 hujusmodi
372 3503 523 3576 iaciendo.
538 3503 644 3595 Neque
661 3505 753 3592 igitur
765 3505 1039 3594 praetermittenda
