2514 3972
401 265 457 314 tro.
489 269 531 315 ιιι.
555 268 618 314 cnr.
644 267 743 314 carru.
980 247 1045 320 579

118 333 328 426 quaequidem
351 333 477 402 libertas
499 337 666 426 impeditur
689 357 744 424 per
766 335 922 421 hocquod
946 336 985 401 ad
1008 357 1045 403 u·

119 445 194 493 nam
217 421 321 512 pluras
337 424 483 492 accedant
506 441 591 493 ante
614 445 776 493 converso:
799 425 877 490 sicut
892 425 924 490 in
951 425 1045 492 liber-

121 529 183 582 tate
207 514 277 580 cibo
290 513 412 580 fruendi
435 515 604 604 impeditur
620 517 744 600 aliquod
762 515 888 587 animal,
900 512 925 580 ai
941 511 1044 581 cibum

119 624 214 691 quem
236 603 337 691 ipsum
362 625 486 671 sumere
523 606 608 692 cupit
639 605 721 671 aliud
756 604 870 670 animal
906 616 1044 689 usurpet:

120 705 152 758 et
173 691 245 758 ideo
267 693 408 759 similiter
429 706 556 782 propter
570 695 673 759 cibum
696 706 726 759 et
765 706 892 781 propter
928 691 1044 758 coitum

53 864 57 870 ¹
119 781 265 848 animalia
290 794 438 868 pugnant.
479 784 512 848 ln
536 783 713 849 hominibus
748 795 851 849 autem
886 793 932 846 est
966 785 1045 848 ratio

119 870 272 956 specialis,
294 872 377 957 quia,
401 883 434 937 ut
456 872 573 939 dictum
598 885 655 945 est,
673 873 768 938 homo
792 871 970 936 naturaliter
992 870 1045 935 de·
1127 929 1128 934 ,

119 959 236 1026 uiderat
257 975 358 1028 certus
382 981 450 1026 esse
474 962 513 1028 da
537 962 631 1047 prole:
655 959 864 1048 quecquidem
892 959 1044 1026 certitudo

120 1047 251 1114 omuino
273 1048 441 1128 tolleretur,
463 1051 487 1116 ai
505 1051 607 1138 plures
630 1065 733 1116 essent
768 1049 870 1116 unius.
909 1049 951 1114 Ex
987 1069 1043 1114 na·

120 1138 210 1203 turali
235 1137 327 1222 igitur
351 1139 493 1204 instinctu
517 1139 655 1226 procedit
671 1140 753 1226 quod
782 1139 820 1204 sit
844 1157 905 1203 una
941 1141 1045 1202 unius.

119 1225 238 1292 —Sed
262 1227 293 1291 in
317 1227 377 1293 huc
400 1226 572 1293 dilierentia
596 1228 819 1293 consideranda
857 1241 913 1292 est.
938 1227 1044 1310 Quan-

118 1330 185 1381 tum
210 1315 293 1406 enim
310 1315 349 1381 ad
372 1316 432 1382 hoc
455 1317 538 1403 quod
562 1337 622 1382 una
640 1317 753 1382 iernina
778 1316 954 1401 apluribus
978 1337 1044 1381 rna·

117 1403 204 1470 ribus
235 1425 297 1469 non
332 1419 536 1487 cognoscatur
570 1418 699 1490 utraque
734 1406 961 1488 praedictarum
996 1426 1044 1470 ra·

117 1494 238 1559 tionum
261 1497 426 1570 concurrit3
449 1495 505 1560 sed
527 1507 676 1580 quantum
700 1494 739 1560 ad
764 1495 822 1560 lroe
846 1493 929 1581 qood
960 1512 1040 1559 unus

118 1601 187 1648 mas
210 1581 313 1667 plures
336 1582 466 1649 seminas
490 1605 552 1648 nnn
576 1597 751 1668 eognoscat,
774 1603 837 1648 nun
871 1581 943 1647 iacit
965 1583 1044 1648 ratio

119 1669 255 1736 secunda
279 1673 460 1760 (nonenim
494 1673 645 1738 certitudo
679 1673 773 1759 prolia
805 1671 982 1757 impeditur,
1018 1669 1043 1737 si
1122 1735 1124 1740 .

119 1779 202 1826 unus
224 1779 289 1825 rnas
312 1760 416 1847 plures
438 1760 570 1828 feminac
606 1765 796 1848 cognuscatl,
832 1759 903 1826 iacit
938 1774 1043 1825 autem

119 1859 228 1914 contra
251 1849 310 1914 huc
333 1851 411 1916 ratio
435 1851 545 1938 prima:
571 1871 655 1928 narn,
678 1851 755 1917 sicut
779 1849 904 1916 libertas
939 1847 1045 1914 utendi

118 1935 235 2002 semina
259 1937 376 2003 tollitur
399 1959 415 2004 a
440 1959 537 2017 mare,
560 1940 584 2004 ai
609 1939 722 2005 semina
746 1939 858 2005 habca't
881 1937 987 2017 aliurn,
1002 1937 1043 2003 ita

117 2037 149 2091 et
171 2026 283 2092 eodem
305 2026 430 2094 libertas
453 2049 469 2094 a
493 2027 609 2094 iemina
634 2030 760 2104 tollitur,
791 2029 816 2093 si
838 2047 906 2093 mas
930 2027 1043 2094 habeat

115 2115 231 2200 plures.
257 2115 290 2180 Er
313 2115 394 2195 ideo,
418 2118 489 2204 quia
513 2118 665 2184 certitudo
689 2119 782 2203 prolis
806 2129 850 2181 est
874 2116 1045 2204 principale

114 2205 236 2270 bonum
259 2204 342 2290 quud
355 2225 391 2270 ex
404 2206 605 2272 matrimonio
630 2207 798 2294 qtraeritur,
822 2204 906 2294 nulla
921 2203 970 2269 lex
991 2217 1043 2269 aut

115 2293 310 2359 consuetudo
334 2294 470 2360 humanu
496 2296 634 2381 permisit
657 2295 741 2381 quod
766 2315 826 2359 una
863 2306 943 2359 esset
976 2293 1063 2381 plu-t

115 2381 199 2448 rium
222 2401 309 2448 uxor.
333 2383 402 2448 Fuit
424 2384 517 2449 etiam
541 2383 600 2448 lroc
624 2385 842 2450 inconveniens
865 2393 1041 2468 reputatum

117 2469 200 2555 apud
224 2471 366 2555 antiquos
389 2472 557 2550 Romanos,
580 2473 618 2537 ale
641 2473 751 2559 quibus
784 2472 878 2538 reiert
904 2470 1043 2538 Valerius

115 2559 267 2625 Maximus
290 2559 342 2647 (l)
364 2561 447 2647 quod
471 2560 637 2628 credebant
662 2581 719 2627 nec
742 2575 868 2647 propter
903 2560 1043 2626 sterilita-

118 2661 183 2714 tem
208 2648 301 2716 fidem
325 2649 519 2736 conjugalem
543 2650 658 2715 debere
681 2649 814 2715 dissolvi.

185 2736 271 2816 luem,
296 2735 328 2802 ln
351 2740 436 2804 omni
460 2739 601 2804 animalis
624 2739 728 2826 specie
745 2738 852 2823 inquo
869 2737 947 2824 patri
965 2737 1043 2802 inest

116 2824 219 2912 aliqua
242 2826 415 2892 sollicitudo
437 2827 477 2893 dc
499 2827 597 2915 prola,
630 2849 711 2893 unus
746 2845 811 2892 mas
848 2845 910 2890 non
949 2825 1044 2891 habet

115 2913 291 2982 nisi’uuam
314 2913 476 2995 laminam,
498 2917 575 2981 sicut
599 2929 681 3002 patet
709 2917 740 2981 in
764 2913 908 2980 omuibus
936 2914 1044 2980 aribus

113 3023 196 3089 quae
218 3004 313 3070 simul
335 3005 474 3070 nutriunt
502 3005 623 3091 pullum
662 3025 723 3070 non
766 3003 848 3068 enim
889 3001 1044 3068 sufficeret

112 3111 196 3157 unus
218 3112 285 3157 mas
308 3092 456 3158 auxilium
482 3108 638 3180 praestare
661 3094 693 3159 in
729 3091 912 3158 educatione
950 3090 1044 3176 prolis

113 3179 256 3268 pluribus
278 3179 414 3247 seminia.
438 3181 471 3246 ln
495 3181 684 3248 animalibus
722 3196 825 3247 autern
863 3181 894 3244 in
933 3179 1045 3265 quibus

112 3269 253 3335 maribus
276 3269 362 3335 nulla
387 3281 432 3334 est
455 3270 632 3337 sollicitudo
657 3270 696 3336 de
720 3271 816 3356 prole,
834 3267 1044 3334 indifferenter

114 3377 183 3423 maa
208 3358 300 3424 habet
323 3357 427 3446 plures
450 3358 583 3426 feminas
606 3372 636 3424 et
658 3358 778 3425 iemina
809 3357 903 3425 habet
940 3356 1046 3443 plurea

115 3467 229 3527 mares,
251 3447 329 3512 sicut
351 3447 383 3513 iu
405 3448 544 3528 canibus,
559 3449 680 3534 gallinis
704 3463 734 3514 et
757 3445 947 3534 hujusmodi.
963 3443 1041 3512 Cum

174 3551 213 3624 (ι)
236 3551 295 3610 vat
313 3552 394 3622 llam,
412 3553 453 3608 De
470 3569 575 3609 memor.
593 3556 681 3620 dictis,
700 3555 718 3610 l.
736 3553 762 3625 ι,
782 3569 803 3608 c.
825 3552 849 3611 l.
953 3599 964 3610 t
