2462 3968
222 215 302 279 *atr
540 235 597 304 tun
618 236 659 280 ru.
684 233 747 280 cnr.
770 235 868 281 untur.

526 391 711 458 CAPUT
748 391 877 456 txxtu.

358 567 448 650 Quod
469 568 575 632 diuino
595 569 794 653 prouidentia
816 587 879 632 nott
902 568 1040 633 excludit

527 656 653 723 arbitrii
677 659 860 723 libertatem.

300 834 340 899 Ex
378 855 440 920 quo
463 833 555 898 etiam
582 848 663 922 patet
700 835 783 920 quod
823 834 1015 922 providentia
1057 832 1153 898 diuina
1202 923 1203 936 χ

235 923 399 989 voluntatis
424 923 554 988 libertati
578 945 640 994 nou
664 925 824 1010 repugnat.

234 1005 236 1009 ⁷
301 1011 469 1096 Cujuslibet
493 1016 574 1077 enim
599 1013 799 1098 gubernantis
823 1013 981 1100 prudentis
1005 1011 1153 1096 guberna·
1202 983 1203 988 ἵ

237 1101 278 1166 tio
302 1101 339 1164 ad
365 1100 586 1187 perfectionem
611 1123 715 1166 rerum
739 1103 981 1186 gubernaturum
999 1101 1154 1164 ordinatur

236 1191 283 1255 vel
314 1189 550 1276 adipiscendam
576 1191 623 1254 uel
647 1192 820 1275 augendam
845 1189 1152 1255 velconservaudam.

236 1278 328 1360 Quod
352 1279 443 1363 igitur
465 1277 660 1364 perfectionis
698 1293 743 1344 est
782 1281 880 1364 tnagis
911 1277 1153 1342 conservandum

235 1381 280 1432 est
304 1387 357 1453 per
380 1369 601 1453 providentiam
626 1388 719 1454 quam
744 1368 828 1454 quod
852 1381 897 1432 est
920 1364 1153 1453 imperfectionis

234 1470 264 1520 et
287 1454 435 1520 deiectus.
460 1455 494 1520 iu
534 1457 627 1520 rebus
649 1470 752 1520 autem
788 1458 973 1532 inanimatis,
995 1474 1153 1519 causarum

234 1545 445 1628 contingentia
469 1565 506 1608 ex
519 1543 751 1631 imperfectione
774 1560 805 1610 et
826 1545 949 1609 defectu
973 1557 1031 1622 est3
1053 1563 1153 1608 secun-

234 1633 309 1698 dum
349 1634 433 1696 enim
472 1653 561 1697 suam
600 1649 740 1698 naturam
779 1647 851 1698 sunt
874 1631 1153 1698 determinataead

232 1742 330 1788 unum
355 1723 507 1801 effectum,
532 1741 625 1808 quem
660 1742 783 1809 sempor
821 1735 1064 1807 consequuntur,
1102 1719 1151 1784 uisi

232 1811 271 1876 sit
294 1809 562 1896 impedimentum,
587 1811 634 1875 vel
657 1831 694 1874 er
718 1811 873 1876 debilitate
897 1811 1028 1888 uirtutis,
1052 1808 1100 1873 vel
1121 1827 1152 1871 et

232 1899 336 1984 aliquo
350 1899 494 1962 exteriori
507 1913 627 1983 agente,
637 1899 685 1964 vei
697 1921 734 1965 ex
750 1901 897 1964 materiae
914 1899 1151 1984 indispositione,

233 2001 263 2051 et
287 2001 414 2074 propter
438 1988 497 2052 hoe
519 2007 631 2052 causae
654 1989 808 2053 naturales
831 2001 958 2074 agentes
987 2007 1051 2052 non
1089 2000 1152 2050 sunt
1202 2015 1203 2034 κ

234 2075 273 2142 ad
299 2091 476 2162 utrumque,
501 2076 555 2140 sed
580 2090 612 2141 ut
635 2077 947 2164 frequentioseodem
961 2077 1151 2140 modosuum
1202 2103 1203 2110 ε

233 2165 376 2230 effectum
400 2165 583 2252 producunt,
607 2165 753 2230 deficiunt
776 2180 878 2230 autem
896 2185 975 2230 raro.
991 2164 1084 2246 Quod
1106 2184 1152 2227 au·

235 2271 297 2320 tem
322 2255 462 2320 voluntas
485 2253 523 2319 sit
546 2275 636 2318 causa
661 2256 842 2340 contingens
865 2275 902 2319 ex
926 2253 1020 2340 ipsius
1060 2251 1152 2339 perie-

234 2345 336 2408 ctione
360 2343 509 2429 prouenit,
533 2345 604 2428 quia
628 2363 690 2408 non
714 2344 806 2408 habet
829 2345 972 2408 virtutem
997 2343 1150 2406 limitatam

234 2431 274 2496 ad
297 2453 406 2510 unum,
429 2431 483 2496 scd
508 2431 600 2496 habet
623 2432 653 2496 in
677 2444 827 2519 potestate
866 2432 1038 2518 producere
1076 2431 1151 2494 hunt

234 2520 376 2586 effectum
401 2520 570 2596 velillum,
593 2521 823 2607 propterquod
847 2534 893 2586 est
915 2520 1097 2604 contingens
1118 2517 1151 2580 ad
1202 2519 1203 2578 i

234 2610 425 2677 utrumlibet.
464 2609 559 2693 Magis
593 2611 685 2693 igitur
708 2612 838 2695 pertinet
861 2609 899 2674 ad
934 2609 1151 2695 providentiam

233 2699 368 2764 diuinam
386 2717 576 2764 conservare
600 2698 771 2762 libertatem
796 2698 958 2763 voluntatis
971 2719 1065 2785 quam
1086 2717 1149 2763 con·

233 2790 414 2874 tingentiam
439 2787 469 2850 in
494 2785 683 2850 naturalibus
706 2787 814 2852 causis

300 2877 449 2963 Amplius,
473 2875 517 2938 nd
542 2875 765 2961 providentiam
796 2875 932 2940 divinam
968 2877 1099 2962 pertinet
1123 2885 1149 2936 ut

233 2965 326 3031 rebus
351 2980 453 3029 utatur
476 2963 645 3028 secundum
670 2965 798 3029 modum
823 2985 940 3028 earum.
964 2965 1072 3029 Modus
1100 2984 1148 3026 au·

232 3069 293 3118 tem
317 3053 428 3138 agendi
452 3053 615 3138 cujuslibet
638 3053 682 3116 rei
707 3055 905 3139 consequitur
929 3053 1061 3117 sormam
1078 3053 1148 3138 ejus,

232 3163 313 3228 quae
346 3156 392 3206 est
430 3143 614 3228 principium
651 3143 788 3218 actionis3
826 3141 925 3207 forma
962 3157 1065 3206 autem
1099 3159 1147 3228 per

229 3253 324 3319 quam
348 3233 410 3316 agit
433 3230 603 3294 voluntarie
634 3250 728 3314 agens
767 3250 829 3294 non
863 3245 909 3295 est
942 3231 1147 3303 determinata,

230 3321 292 3406 agit
326 3322 408 3391 enim
443 3319 583 3383 voluntas
618 3340 673 3405 per
696 3319 828 3384 formam
864 3321 1089 3406 apprehensam
1112 3319 1145 3381 ab

229 3409 397 3486 intellectu3
421 3429 493 3498 nam
519 3409 635 3472 bonum
659 3408 888 3494 apprehensum
912 3423 1016 3474 motet
1047 3409 1144 3475 voiun-

229 3511 322 3562 tatem
348 3511 379 3561 ut
403 3496 469 3582 ejus
494 3495 960 3580 objectumintellectusautcm
985 3499 1144 3564 nonhabet
