2372 3966
348 257 405 302 ιιι.
430 257 469 302 ιιι.
492 255 556 302 cto.
581 253 659 298 xnrrr.
906 236 968 300 tto

77 347 159 391 rcnrm
180 325 384 404 sensibilium,
410 325 468 392 nisi
502 324 667 391 redeamus
708 321 747 388 od
787 323 966 410 opinionem

75 415 234 502 lrempnoe,
255 415 309 501 qui
331 414 516 501 quidditetes
536 410 776 480 substantiarum
800 415 968 499 posuitco·

71 505 157 587 groeci
180 525 236 590 ρει
258 525 294 570 en
317 525 397 591 quoe
419 503 619 589 intelligimus
634 500 674 566 de
690 501 754 566 istis
769 500 967 568 sensibilibus

69 591 115 675 (l).
136 593 225 658 Nullo
247 593 340 678 igitur
362 593 468 668 modo,
491 611 547 679 per
570 592 649 656 riom
675 587 876 677 praedictam,
914 612 968 678 po·

66 683 176 746 terimus
198 683 370 766 intelligere
392 683 577 748 substantias
600 691 765 766 separatos.

119 771 290 849 Praetereo,
313 771 486 836 intellectos
525 789 619 852 egens
658 764 831 834 secundum
872 767 968 834 olium

62 858 191 925 ordinem
215 875 411 946 comparatur
434 858 473 924 sd
489 857 641 924 intellecto
664 855 862 944 speculativo,
892 875 968 941 quo·

61 963 188 1013 comest
213 947 351 1025 factivus,
374 961 404 1014 et
426 948 465 1012 ed
488 945 672 1012 snbstantias
704 957 869 1032 separatos,
892 965 968 1032 qun·

60 1057 121 1100 rum
161 1057 224 1102 non
263 1052 308 1103 est
342 1036 480 1114 factivus,
512 1035 567 1102 scd
589 1033 814 1118 eognosnirirus
838 1046 967 1113 tentum,

59 1125 222 1190 seeundum
238 1125 306 1211 ojus
319 1126 513 1212 positionem.
527 1124 594 1189 Non
608 1124 699 1208 igitur
726 1133 857 1208 oportet,
878 1124 903 1188 si
916 1143 966 1190 co·

60 1214 175 1298 puletur
187 1216 275 1281 nobis
288 1235 343 1298 per
354 1215 413 1280 boc
428 1213 512 1300 quod
528 1227 574 1278 est
597 1211 724 1278 lectivus
742 1210 967 1278 intellectorum
1023 1203 1027 1218 ’

59 1304 320 1387 speculativorum‚
353 1303 437 1388 quod
473 1301 635 1388 copuletur
669 1301 758 1366 nobis
795 1301 967 1366 secundum

60 1392 135 1476 qnod
158 1407 203 1457 est
225 1393 450 1478 cognoscitivus
472 1390 714 1456 substantiarum
745 1401 968 1474 sepornternm3

59 1481 160 1545 sedin
184 1481 234 1546 teli
259 1501 404 1568 processu
427 1493 473 1546 est
497 1479 638 1566 deceptio
666 1475 827 1544 manifeste
861 1498 968 1546 sccun-

60 1567 129 1634 dum
150 1570 304 1636 accidens.

122 1659 237 1736 Adhuc,
259 1659 291 1724 Si
316 1679 371 1746 per
393 1658 580 1724 intellectum
598 1667 741 1740 egentem
750 1655 968 1738 cognoscimus

59 1747 234 1814 substantias
257 1761 422 1835 separatos,
462 1747 521 1812 boc
544 1765 606 1810 non
641 1756 687 1808 est
720 1744 900 1829 inquantum
924 1745 969 1808 in-

61 1836 192 1902 tellectus
216 1856 311 1922 egens
333 1849 379 1902 est
401 1831 501 1901 ior'mn
526 1833 618 1920 hujus
632 1832 680 1898 vel
703 1831 803 1898 illius·
824 1832 969 1900 intellecti

60 1927 251 2010 speculativi,
286 1924 340 1990 scd
375 1926 559 2011 inquantum
594 1923 629 1988 lit
661 1920 759 1987 forme
790 1921 892 2000 nobis3
926 1923 969 1988 sic
1045 1921 1051 1930 '

61 2015 136 2080 onim
159 2036 215 2102 per
236 2016 336 2101 ipsum
368 2033 533 2100 possumus
566 2011 747 2094 intelligere.
786 2011 834 2076 Fit
867 2026 971 2076 eutem

61 2100 152 2168 forma
175 2104 265 2169 nobis
288 2097 379 2168 etiem
403 2101 579 2188 perprimo
604 2099 758 2166 intellecto
771 2099 972 2186 speculative,

61 2193 224 2258 secundum
249 2191 333 2276 quod
356 2193 421 2279 ipse
445 2190 528 2256 dicit.
553 2189 632 2273 Ergo
654 2188 756 2254 stetim
781 2207 799 2252 n
823 2188 972 2274 principio

63 2281 149 2346 homo
173 2295 274 2367 potest
312 2301 366 2367 per
400 2279 589 2344 intellectum
613 2290 757 2362 egentem
801 2275 973 2361 intelligere

63 2369 240 2435 snbstantias
277 2383 442 2456 scpnretns.
481 2403 526 2418 -
562 2365 593 2431 Si
618 2379 722 2430 sutem
745 2363 863 2430 dicetur
888 2365 972 2452 quod

64 2477 118 2522 non
141 2459 174 2524 lit
197 2458 287 2524 nobis
310 2458 444 2545 perfecte
468 2455 567 2521 forme
591 2453 806 2541 perqunednm
822 2453 975 2520 intellecta

65 2547 241 2632 speculativa
265 2547 436 2614 intellectus
458 2565 564 2630 egens,
587 2558 620 2610 ut
643 2563 700 2630 ρει
733 2543 836 2628 ipsum
874 2545 970 2630 possi·

66 2655 125 2700 mus
147 2637 320 2721 intelligere
342 2635 527 2702 substantias
549 2645 716 2719 separatos,
744 2633 803 2698 boc
842 2651 905 2698 non
929 2645 976 2696 est

66 2725 114 2788 nisi
140 2727 212 2810 quie
237 2729 302 2812 ipsa
327 2724 479 2790 intellecto
503 2722 691 2808 speculative
715 2739 777 2786 non
802 2719 976 2805 odneqnsnt

65 2813 275 2894 perlectionem
298 2814 469 2878 intellectus
492 2811 611 2896 egentis
633 2810 665 2876 iu
689 2807 889 2893 intelligendo
905 2808 976 2872 sub-

65 2903 180 2968 stantias
204 2915 370 2988 separatas.
386 2901 449 2968 Sed
472 2920 531 2966 nec
554 2899 658 2966 omnia
675 2896 830 2963 intellectu
869 2915 977 2983 specu·

67 2988 146 3056 latim
167 2991 261 3057 simul
284 3005 407 3078 accepta
430 2988 604 3074 adaequent
637 2987 721 3052 illom
756 2985 977 3072 perlectionem

65 3077 228 3145 intellectus
252 3081 370 3165 egentis
395 3077 567 3146 secundum
600 3075 684 3161 quod
727 3073 867 3159 intelligit
904 3074 977 3139 sub-

68 3169 181 3233 stantias
204 3185 371 3256 separatas,
393 3187 464 3233 cum
489 3165 592 3230 omnin
618 3165 694 3229 boec
717 3182 780 3228 non
807 3165 867 3228 sint
891 3162 980 3228 intel·

68 3251 182 3338 ligibilin
216 3259 274 3323 nisi
307 3259 490 3343 inquantum
524 3266 595 3319 snut
618 3251 696 3318 iacta
733 3250 901 3328 intellecto,
924 3251 975 3318 ille

71 3361 135 3408 rero
157 3345 207 3433 ιι)
229 3359 301 3412 sont
317 3344 516 3430 intelligibilia
532 3340 704 3408 secundum
716 3359 807 3406 suern
824 3355 978 3408 naturum.

115 3483 153 3550 tl)
171 3483 210 3540 De
227 3489 286 3541 ictis
304 3487 475 3550 sensibilibus,
494 3485 511 3536 i.
529 3500 553 3536 e.
566 3481 598 3534 de
606 3464 774 3535 sensibilibus
789 3481 865 3534 istius
878 3479 978 3532 mundi.

86 3622 92 3631 ,
119 3555 155 3620 ιιι
172 3557 279 3621 ιιαιι...,
297 3559 377 3613 stu...
393 3559 411 3616 ι,
430 3571 452 3608 e.
471 3555 601 3608 intellecta
619 3553 821 3621 specurnuvn...,
855 3551 979 3604 subsun-

77 3629 120 3676 tree
134 3637 291 3698 separatam„
