2452 3970
229 267 293 332 tte
515 291 571 335 nra.
602 290 642 334 nt.
667 289 729 336 cnr.
759 289 857 335 xnvnt.

226 355 350 421 cuilibet
384 355 501 422 bomini
541 359 685 444 possibile
719 360 756 424 sit
784 360 813 423 in
839 357 896 422 bac
920 356 981 422 vita
1005 355 1152 424 accidere

227 446 365 524 morbos,
387 447 497 530 quibus
521 448 651 513 totaliter
673 447 712 512 ab
746 446 925 535 operatione
949 447 1065 512 virtutis
1090 449 1152 513 inr-

226 533 359 618 peditur‚
381 535 459 600 sieut
481 536 656 620 phrenesim
672 549 702 600 et
714 536 771 601 alia
788 535 975 619 hujusmodi,
992 536 1148 620 inquibus

226 623 394 707 impeditur
410 625 535 689 rationis
558 646 640 690 usus.
663 624 793 712 Semper
811 626 903 709 igitur
926 624 994 690 talis
1017 625 1148 690 felicitas

226 711 352 777 babebit
376 713 525 778 tristitiam
551 713 727 779 naturaliter
741 734 902 780 annexam.
926 713 993 779 Non
1016 715 1072 779 erit
1089 714 1147 800 igi·

225 815 275 865 tur
299 799 432 885 perfecte
456 799 593 866 felicitas.

292 890 395 954 Potest
418 903 520 954 autern
540 891 649 977 aliquis
670 890 773 957 dicere
796 890 889 978 qnod,
912 911 982 956 cum
1018 889 1147 957 felicitas

223 979 263 1044 sit
286 978 402 1043 bonum
427 979 638 1045 intellectualis
662 995 799 1058 naturae,
832 977 967 1065 perfecta
1005 993 1036 1043 et
1072 1001 1146 1045 vera

224 1066 352 1132 felicitas
376 1081 422 1132 est
444 1067 565 1134 illorum
591 1069 756 1155 inquibus
791 1085 898 1133 natura
933 1067 1148 1136 intellectualis

224 1155 358 1238 perfecta
381 1157 544 1233 invenitur,
571 1158 649 1222 idest
682 1159 713 1222 in
738 1157 914 1223 substantiis
937 1157 1094 1244 separatis.
1113 1158 1147 1222 ln

225 1245 403 1310 bominibus
423 1260 530 1312 antem
553 1246 708 1312 invenitur
730 1245 906 1332 imperfecta
938 1266 992 1332 per
1016 1246 1147 1312 modum

112 1359 118 1378 ‚
224 1334 463 1420 participationis
489 1335 660 1420 eujusdam3
684 1335 723 1401 ad
750 1335 906 1400 veritatem
930 1335 1012 1399 enim
1036 1335 1149 1401 intelli·
1220 1409 1221 1416 q

224 1423 357 1506 gendum
382 1423 482 1508 plene,
505 1424 626 1489 nonnisi
652 1444 706 1510 per
745 1423 912 1509 quemdam
942 1423 1149 1509 inquisitionis
1220 1459 1221 1498 2

224 1525 352 1586 motum,
378 1514 552 1599 pertingere
586 1525 723 1600 possunt;
759 1512 851 1576 etad
886 1533 921 1576 ea
956 1533 1036 1598 quae
1073 1528 1146 1578 sunt
1220 1513 1221 1516 ’

223 1601 394 1674 secundum
424 1617 564 1668 naturam
602 1602 735 1666 maxime
770 1599 981 1686 intelligibilia,
1016 1601 1145 1668 omnino

224 1689 380 1766 deliciunt,
415 1691 492 1756 sicut
515 1711 552 1756 ex
586 1691 673 1754 dictis
696 1691 737 1775 (c.
773 1690 831 1772 45)
855 1704 945 1776 patet.
977 1689 1064 1756 Unde
1086 1707 1145 1756 nce

224 1775 362 1853 felicitas,
383 1780 554 1846 seeundum
578 1799 665 1844 suam
688 1777 854 1866 perfectam
869 1780 1029 1857 rationem,
1042 1793 1145 1865 potest

225 1867 368 1932 omnibus
381 1869 557 1934 bominibus
581 1867 699 1947 adesse3
712 1868 765 1934 sed
778 1866 893 1954 aliquid
906 1869 999 1955 ipsius
1021 1868 1145 1955 partici-

223 1968 297 2042 pant
320 1958 412 2021 etiam
437 1958 468 2021 in
493 1958 550 2022 bec
576 1959 646 2022 vita.

292 2045 325 2110 Et
349 2047 424 2111 baec
459 2047 579 2111 videtur
602 2045 695 2111 fnisse
730 2045 879 2110 sententia
913 2044 1080 2120 aristotelis
1102 2045 1144 2110 de

224 2133 375 2214 felicitale;
401 2135 493 2214 unde,
517 2136 548 2200 in
572 2136 672 2221 primu
701 2135 877 2200 Etbi'corum
902 2140 952 2225 (c.
978 2134 1054 2217 lta),
1091 2135 1144 2200 ubi

222 2224 347 2309 inquirit
370 2239 472 2289 utrum
497 2223 662 2289 infortunia
686 2224 794 2290 tollant
818 2222 1004 2298 felicitatem,
1019 2236 1145 2288 ostenso

221 2312 304 2396 quod
345 2311 472 2380 felicitas
491 2315 541 2378 *sit
574 2314 606 2378 in
640 2312 871 2399 operationibus
912 2311 1028 2376 virtutis
1063 2331 1145 2397 quae

220 2403 354 2465 manime
379 2417 594 2488 permanentes
629 2401 659 2465 in
696 2403 753 2466 bae
791 2402 850 2465 vita
889 2421 956 2466 esse
990 2398 1145 2478 videntur,

221 2489 375 2554 concludit
398 2491 465 2555 illos
498 2491 609 2576 quibus
644 2489 709 2555 talis
744 2487 891 2575 perfectio
924 2490 955 2554 in
991 2490 1049 2554 bac
1083 2490 1143 2554 vita

221 2578 345 2664 quidem
370 2579 456 2644 adest
478 2598 545 2643 esse
569 2580 675 2644 beatos
720 2591 752 2642 ut
787 2578 938 2655 homines
961 2576 1048 2664 quasi
1080 2599 1143 2643 non

220 2668 398 2753 simpliciter
421 2667 460 2732 ad
497 2666 671 2733 felicitatem
711 2667 918 2753 pertingentes
955 2666 1010 2732 scd
1047 2666 1144 2732 modo

220 2757 367 2822 humano.
452 2773 463 2792 ‘

287 2846 377 2929 Quod
401 2859 504 2911 autem
528 2843 685 2932 praedicta
710 2845 871 2930 responsio
897 2845 1031 2910 rationes
1052 2863 1143 2930 prae·

219 2936 327 3002 missas
352 2957 413 3002 non
437 2948 564 3000 evacuet
588 2932 814 2998 ostendendum
839 2947 894 2998 cst.
1217 2949 1218 2954 ’

286 3025 385 3094 Homo
408 3025 503 3102 enim,
522 3023 577 3089 etsi
603 3034 730 3087 naturae
753 3022 862 3087 ordine
893 3019 1068 3086 substantiis
1092 3040 1140 3085 se·

219 3115 331 3200 paratis
357 3116 396 3180 sit
418 3113 555 3188 inferior,
587 3110 733 3175 creaturis
772 3125 874 3175 tamen
913 3109 1141 3175 irrationalibus

218 3205 358 3288 superior
380 3217 435 3268 est.
459 3200 637 3266 Perfectiori
662 3200 754 3284 igitur
786 3199 878 3264 modo
916 3219 1006 3263 suum
1046 3198 1140 3262 linem

218 3292 361 3356 ultimum
385 3291 582 3374 consequitur
604 3308 697 3374 quarn
721 3287 771 3354 illa
810 3289 871 3374 (l).
910 3287 963 3352 llla
1001 3305 1074 3352 vero
1097 3288 1141 3351 sio

220 3379 353 3466 perfecte
375 3401 465 3446 suurn
490 3379 583 3442 finem
609 3377 750 3441 ultimum
767 3388 1019 3470 ⁸consequuntur
1057 3375 1140 3461 quod

218 3469 296 3532 nibil
318 3469 400 3533 eliud
434 3479 595 3552 quaerunt3
634 3485 726 3548 grave
751 3467 846 3546 enirn,
884 3485 955 3530 curn
993 3462 1141 3529 fueritin

255 3576 294 3643 (l)
313 3575 376 3638 lllo,
397 3574 414 3624 i.
433 3587 456 3623 e.
474 3571 544 3622 entia
563 3568 731 3622 irrationalia.
