2516 3968
241 221 308 288 tat
562 244 616 290 ιιιι.
640 244 680 288 ιιι.
705 242 769 290 ιιι.
796 241 871 288 ιιιι.

230 324 311 376 ‘strat
333 310 365 376 in
387 310 574 399 adjutorium
599 311 728 391 virtutis,
750 324 779 376 et
803 313 834 376 in
851 312 910 376 bue
923 309 950 374 ei
967 307 1158 376 beneiicium

235 413 380 486 praestan
403 401 558 468 interdum
582 399 706 466 vernei
730 399 885 488 praedicta
922 398 1086 476 subtrabit,
1124 419 1161 464 eo

234 490 320 575 quud
342 489 515 556 considerat
537 489 655 556 homini
678 489 721 554 ittt
745 509 813 554 esse
836 487 875 552 ad
899 486 1160 573 impedimentum

235 578 354 644 virtutis
378 593 409 644 et
431 577 584 644 fruitionis
607 579 740 644 divinae.
754 577 795 642 Ex
810 579 869 642 buc
884 589 988 642 autem
1004 576 1163 642 exteriora

234 664 317 732 bone
341 681 502 733 vertuntur
524 667 642 734 homiui
666 667 697 732 in
721 665 849 744 mnium,
883 679 917 730 ut
950 665 1068 730 dictum
1104 678 1163 741 est;

236 754 373 821 undeet
400 776 509 822 eorum
547 755 684 832 amissio,
722 755 832 822 eadem
867 754 998 833 ratione,
1040 753 1163 820 bomini
1240 801 1243 810 .

233 844 362 909 vertitur
383 844 416 910 in
439 843 566 910 bunum.
591 844 621 908 Si
646 844 739 928 igitur
761 841 863 909 omnis
902 863 1003 929 poena
1039 842 1161 908 maium

167 939 170 948 ’
234 946 291 1012 est,
314 953 377 998 non
400 947 505 998 autem
529 932 646 998 malum
670 935 746 1018 (est)
769 931 929 998 bominem
953 931 1162 996 exterioribus

234 1034 265 1085 et
287 1021 500 1108 corporalibus
524 1021 614 1088 bonis
639 1019 762 1108 privari,
784 1019 973 1086 secundum
997 1019 1083 1106 quud
1107 1039 1164 1086 ex-

234 1109 318 1196 pedit
341 1109 381 1176 ad
405 1109 577 1196 proiectum
601 1111 731 1190 virtutis,
754 1130 817 1176 nnn
851 1109 910 1174 erit
943 1108 1003 1174 boc
1039 1099 1161 1176 bont'ini

234 1200 371 1264 virtuoso
395 1218 495 1286 paena
518 1199 544 1264 si
583 1202 719 1286 privetur
757 1197 959 1265 exterioribus
988 1197 1090 1262 'banis
1129 1197 1161 1262 in

234 1286 450 1374 adjumentum
474 1288 604 1366 virtutis;
627 1287 821 1353 econtrario
844 1301 948 1352 autem
987 1287 1046 1352 erit
1069 1287 1160 1352 malis

234 1377 265 1440 in
289 1395 422 1462 poenam
445 1376 470 1441 si
494 1378 538 1444 cis
560 1377 710 1442 exteriora
736 1376 816 1442 bona
839 1374 1064 1449 conceduntur,
1089 1377 1160 1462 qui-

234 1463 293 1530 bus
317 1478 523 1551 provocantur
559 1465 598 1530 ed
637 1465 764 1530 maium.
804 1463 890 1530 Unde
928 1461 1039 1530 dicitur
1073 1464 1160 1550 quud

234 1564 398 1619 menturae
422 1553 481 1619 Dei
502 1555 535 1619 in
557 1553 661 1620 adium
684 1555 787 1638 sactae
808 1564 890 1631 attat,
912 1563 942 1616 et
981 1557 1015 1617 in
1057 1564 1160 1618 tenta·

235 1642 350 1707 tionem
372 1641 537 1719 animabus
560 1643 727 1722 bominum,
750 1654 780 1708 et
801 1643 835 1707 in
850 1642 1055 1726 muscipulam
1068 1644 1160 1727 pedi-

237 1729 292 1798 bas
313 1732 534 1817 insipientiam,
557 1730 640 1818 Sap..
664 1731 717 1808 ιι,
749 1732 800 1796 ιι.

300 1819 379 1902 Quia
403 1839 477 1886 vern
500 1820 540 1886 de
562 1822 681 1886 ratione
720 1839 839 1908 poenae
873 1831 920 1886 est
956 1838 1019 1884 non
1053 1818 1157 1885 solum
1242 1891 1243 1902 ἵ

234 1910 319 1994 quud
341 1909 380 1973 sit
403 1909 532 1984 malum,
555 1908 611 1974 sed
638 1909 731 1974 etiam
769 1908 852 1995 quud
891 1909 929 1974 sit
967 1909 1157 1974 contrarium
1242 1905 1243 1948 ι

234 1996 393 2074 voluntati,
417 1997 543 2064 amissio
566 1997 774 2084 corporalium
798 2010 828 2062 et
850 1996 1039 2063 exteriorum
1061 1996 1157 2062 bnnn

233 2105 317 2163 rum,
339 2085 431 2150 etiam
455 2085 580 2174 quando
604 2099 650 2152 est
674 2085 792 2152 bamini
816 2086 848 2150 in
873 2084 1045 2173 proiectum
1062 2087 1157 2151 virtu·

234 2175 272 2240 tis
295 2187 327 2240 et
349 2195 412 2240 non
435 2175 465 2240 in
489 2174 617 2255 malum,
652 2174 763 2240 dicitur
798 2194 910 2261 poena,
943 2174 1082 2253 abusive,
1120 2193 1157 2240 ex

233 2285 272 2330 ec
295 2263 379 2350 quud
402 2278 448 2330 est
478 2277 584 2330 contra
619 2263 819 2330 voluntatem.
854 2263 898 2328 Ex
930 2261 1157 2330 inordinatione

233 2365 337 2418 autem
361 2352 495 2418 bominis
518 2352 667 2438 contingit
692 2352 776 2440 quod
800 2352 896 2418 bomo
920 2372 982 2417 non
1017 2353 1159 2418 aestimet
1241 2419 1242 2426 χ

232 2459 283 2506 res
305 2439 477 2506 seeundum
500 2441 585 2527 quud
607 2453 689 2519 sunt,
712 2441 767 2506 sed
790 2440 962 2526 corporalia
989 2441 1157 2526 spirituaii·

234 2528 294 2594 bus
318 2528 481 2616 praeierat.
504 2529 695 2596 inordinatio
719 2543 823 2602 autem
848 2529 917 2595 talis
940 2541 993 2596 aut
1008 2531 1158 2617 estouipa

233 2630 286 2683 aut
309 2638 346 2685 ex
370 2618 471 2705 aliqua
493 2619 584 2707 culpa
607 2617 813 2706 praecedente
850 2618 1033 2704 precedens.
1070 2617 1157 2686 Unde

232 2719 459 2795 certaequenter
481 2721 563 2795 patet
587 2707 671 2795 quod
695 2727 796 2794 poena
819 2726 883 2772 nou
906 2707 945 2772 sit
968 2707 999 2772 in
1017 2708 1157 2786 bomine,

232 2797 326 2862 etiam
349 2795 520 2863 secundum
544 2795 628 2884 quod
651 2810 697 2862 est
729 2809 837 2862 contra
873 2795 1075 2876 voluntatem,
1098 2797 1157 2864 nisi

232 2885 323 2972 culpa
347 2885 562 2972 praecedente.

298 2973 478 3040 Henetiam
502 2993 540 3040 ex
563 2973 626 3040 aiio
650 2985 745 3062 patet,
783 2972 855 3059 quia
893 2993 929 3040 ea
967 2994 1048 3061 quae
1082 2986 1156 3042 sunt

230 3062 403 3128 secundum
427 3082 460 3128 se
484 3060 565 3129 bona
588 3082 653 3130 nnn
677 3076 870 3138 verterentur
898 3062 1016 3128 bomini
1040 3063 1072 3128 in
1088 3084 1156 3130 ma-

231 3153 297 3218 ium
321 3171 376 3239 per
399 3150 545 3228 abusum,
566 3153 624 3218 nisi
648 3151 751 3239 aliqua
765 3149 993 3218 inordinatione
1030 3151 1063 3218 in
1097 3153 1156 3219 bn·
1239 3217 1240 3240 ξ

231 3241 316 3308 mine
338 3239 497 3306 existente.
1239 3255 1240 3326 t

298 3329 385 3408 item,
408 3327 499 3411 Quod
523 3339 662 3414 oporteat
684 3347 825 3415 eaquae
848 3327 990 3399 voluntas
1006 3341 1156 3416 acceptat,
1239 3327 1240 3417 ι

230 3438 269 3483 en
290 3417 375 3504 quod
397 3432 468 3484 sunt
490 3417 670 3484 naturaiiter
693 3417 785 3497 boue,
808 3417 927 3484 bomini
950 3418 1090 3486 subtrahi
1114 3417 1153 3484 ad

231 3504 556 3589 proiectumvirtutis,
581 3507 722 3593 provenit
744 3525 782 3573 ex
804 3505 906 3594 aliqua
939 3505 1075 3578 huminis
1098 3505 1153 3578 de·
