2372 3966
203 238 266 302 tto
437 257 493 302 trs.
519 257 558 301 tn.
583 255 646 302 car.
671 257 756 301 scm.
781 257 816 301 cr
840 257 915 302 xctv.

202 327 269 391 Nou
293 325 395 411 igitur,
418 345 474 412 per
497 327 555 392 ltoe
578 325 660 411 quod
677 325 782 390 omnia
804 327 992 412 speculativa
1008 327 1125 394 intelli·

202 415 306 499 gibilia
341 415 484 492 sciemus,
522 415 675 500 oportebit
697 413 781 500 quod
805 416 845 480 ita
869 415 1004 501 perfecte
1030 418 1122 482 intel·
1177 464 1178 490 ι

201 503 297 569 lectus
314 523 409 588 agens
432 503 485 568 fiat
507 505 596 569 nobis
621 501 719 568 forma
741 504 826 588 quod
850 525 905 589 per
935 505 1036 591 ipsum
1073 507 1121 570 in-

201 593 375 676 telligamus
398 592 583 658 substantias
606 605 772 678 separatas
807 591 867 669 uel,
904 593 928 658 si
964 595 1023 658 boc
1057 615 1122 659 non
1178 652 1179 660 ,

200 682 376 768 requiritur,
399 681 552 766 oportebit
574 681 677 746 dicere
689 681 784 766 quod,
797 681 1003 766 intelligendo
1021 683 1124 768 quod·

201 770 275 836 libet
299 769 499 854 intelligibile,
523 770 721 855 intelligimus
745 770 929 836 substantias
956 785 1123 857 separatas.

499 945 677 1013 CAPUT
716 945 817 1012 XLlV.

246 1125 335 1204 Quod
356 1126 468 1190 ultimo
489 1125 622 1209 felicitas
634 1124 766 1189 bominis
781 1145 842 1189 nort
860 1127 1001 1190 cortsistit
1022 1127 1055 1188 in
1071 1146 1123 1189 co-

288 1214 422 1299 quitione
447 1215 691 1278 substantiarum
728 1227 959 1296 separatorum,
998 1215 1124 1301 quoiam

286 1303 466 1387 praedictae
500 1304 660 1386 opiniones
682 1305 808 1388 strepunt.
886 1333 889 1342 ·

264 1481 331 1546 Non
369 1494 414 1546 εει
448 1493 552 1546 autem
576 1478 720 1564 possibile
744 1478 920 1545 felicitatem
949 1481 1122 1544 humanam

200 1571 231 1633 in
246 1570 296 1635 tali
320 1563 495 1654 cognitione
508 1569 748 1634 substantiarum
767 1571 979 1654 separatarum
994 1589 1124 1656 ponere,

200 1660 278 1723 sicut
301 1660 445 1745 praedicti
470 1657 840 1744 pbilosnpbi‘pos'nerunt.
899 1659 900 1663 ’
950 1685 952 1688 ·

259 1747 378 1812 Vanum
402 1748 484 1812 enim
508 1745 658 1831 estquod
683 1758 729 1810 est
751 1746 789 1811 ad
813 1746 907 1812 finem
938 1765 1032 1832 quem
1057 1767 1122 1811 non

202 1848 302 1921 potest
324 1837 481 1920 consequi.
505 1834 583 1900 Cum
607 1834 699 1917 igitur
722 1833 791 1900 linis
814 1835 948 1900 bominis
970 1836 1009 1899 sit
1024 1834 1122 1899 felici-

200 1938 256 2000 tas,
280 1923 310 1987 in
335 1943 427 2008 quam
452 1924 547 1988 tendit
571 1923 827 2009 naturale-ipsius
844 1923 1122 1996 desideriumnon

199 2025 300 2097 potest
322 2014 394 2098 poni
418 2010 545 2076 felicitas
569 2011 702 2076 bominis
741 2014 771 2076 io
796 2034 833 2078 eo
855 2013 896 2082 ,ad
920 2013 1003 2098 quod
1024 2013 1123 2076 borno

199 2101 360 2186 pertenire
398 2121 459 2165 non
499 2112 607 2186 potest;
645 2099 790 2186 alioquin,
832 2115 1013 2188 sequeretur
1036 2101 1123 2186 quod

202 2191 298 2254 bomo
321 2203 400 2255 esset
424 2190 454 2254 in
478 2209 603 2264 vanum,
620 2202 652 2253 et
675 2191 814 2254 naturale
838 2190 904 2275 ejus
928 2189 1123 2254 desiderium

204 2293 284 2343 esset
307 2281 408 2356 inane3
420 2279 503 2365 quoti
522 2292 567 2342 εει
584 2277 783 2363 impossibile.
808 2278 898 2360 Quod
917 2293 1020 2342 autem
1035 2278 1125 2342 intel·

209 2366 304 2450 ligere
326 2369 510 2433 substantias
533 2380 689 2453 separatas
713 2367 830 2432 bomini
858 2369 895 2432 sit
930 2367 1125 2452 impossibile

199 2457 369 2520 secundum
396 2456 565 2543 praedictas
589 2457 766 2540 positiones
789 2477 826 2520 ex
849 2457 935 2520 dietis
958 2470 1004 2519 est
1019 2457 1123 2520 mani-

199 2542 320 2609 festum.
334 2545 401 2610 Non
414 2558 458 2609 est
473 2545 566 2628 igitur
581 2544 613 2606 in
625 2543 675 2607 tali
692 2545 866 2628 cognitione
879 2545 1124 2610 substantiatum

200 2647 410 2718 separatarum
436 2632 564 2698 felicitas
588 2632 722 2697 bominis
753 2635 925 2698 constituta.

269 2723 443 2800 Praeterea,
467 2723 511 2786 Ad
537 2722 596 2785 boc
621 2721 703 2805 qood
729 2721 899 2787 intellectus
923 2741 1018 2806 agens
1035 2722 1125 2786 unia·

196 2825 248 2876 tur
271 2813 359 2876 nobis
383 2825 416 2876 ut
438 2810 548 2887 forma,
565 2810 605 2873 ita
621 2808 703 2894 quoti
721 2815 887 2896 peripsum
913 2811 1123 2894 intelligamus

198 2901 382 2966 substantias
405 2913 570 2986 separatas,
584 2897 750 2982 requiritur
772 2900 855 2984 quod
880 2901 1038 2984 generatio
1073 2899 1124 2964 in·

196 2989 334 3055 tellectus
357 2992 388 3054 in
413 2988 518 3052 babitu
542 2988 580 3050 sit
603 2987 769 3072 completa,
791 2987 963 3052 seeundum
988 2988 1122 3052 Alexan-

196 3077 287 3144 drum
326 3079 389 3166 (l),
423 3076 471 3141 vcl
505 3075 589 3162 qnotl
613 3076 716 3140 omnia
750 3075 902 3141 intellecta
932 3076 1122 3161 speculativa

197 3167 259 3230 sint
282 3166 359 3232 facta
384 3170 414 3231 in
439 3166 527 3230 nobis
551 3167 582 3229 in
606 3179 687 3242 actu,
711 3165 884 3230 secundum
916 3164 1120 3240 brerrboem;

196 3274 276 3338 quae
300 3255 361 3319 duo
384 3257 414 3320 in
439 3255 521 3318 idem
545 3253 685 3329 redeunte
708 3273 781 3319 nam
805 3253 977 3320 secundum
994 3254 1054 3318 boc
1072 3255 1121 3318 in-

199 3343 339 3410 tellectus
364 3345 393 3407 in
417 3343 522 3407 babitu
547 3355 713 3422 generatur
752 3346 782 3406 in
817 3343 906 3408 nobis
943 3341 1120 3408 secundum

199 3428 280 3518 quod
304 3430 454 3494 intellecta
489 3428 675 3513 speculativa
701 3429 778 3492 liunt
801 3431 832 3494 in
857 3431 944 3495 nobis
968 3431 998 3495 in
1038 3443 1121 3498 actu.

251 3540 292 3606 (Ι)
310 3537 348 3590 Dc
366 3535 462 3588 Anima
480 3532 621 3600 Poropltr.‚
640 3532 656 3583 l.
675 3529 702 3599 5,
720 3537 783 3583 text.
802 3549 895 3590 eornm.
916 3533 960 3588 56.
