2462 3968
252 207 317 272 250
550 205 607 274 tin,
631 231 670 274 ιιι.
695 230 758 276 car.
782 211 904 276 ιιιιιιιι.Δ

535 385 559 455 C
574 388 597 454 Α
614 387 638 452 P
655 388 721 453 UT
760 387 891 454 LXXlX.

351 564 440 644 (lnosl
461 563 652 631 substantiae
673 567 897 632 intellectuales
920 566 1081 651 inferiores

493 666 642 741 sequntur
661 676 720 740 per
741 657 925 739 superiores,

313 831 391 898 Cum
414 844 517 895 autem
535 831 622 898 inter
644 845 798 898 creaturas
827 832 1051 900 intellectuales
1073 852 1153 919 quae·

247 919 319 988 dam
343 920 402 986 sint
426 919 491 984 aliis
526 921 660 1000 altiores,
695 935 726 986 ut
760 941 796 986 ex
839 922 1050 1008 superioribus
1084 933 1153 1008 patet

246 1009 283 1094 (l.
307 1011 339 1089 ᾖ,
362 1029 388 1073 c.
413 1008 538 1092 tet-95),
576 1023 696 1096 oportet
730 1009 812 1095 quod
853 1011 1014 1084 inferiores
1048 1009 1152 1076 intelle·
1207 1035 1208 1038 ¹

246 1100 393 1164 ctualium
419 1110 596 1163 naturarum
622 1121 678 1184 per
700 1099 874 1184 superiores
896 1099 1114 1184 gubernentur.

310 1189 428 1266 Adhuc,
451 1186 583 1253 Virtutes
607 1187 704 1273 magis
728 1188 920 1267 uniuersales¹
938 1205 1011 1254 sunt
1034 1188 1151 1253 motivae

244 1277 389 1342 virtutum
414 1277 655 1362 particularium,
679 1291 710 1340 ut
733 1277 848 1342 dictum
882 1291 928 1342 cst
950 1280 991 1364 (c.
1017 1277 1083 1362 78).
1104 1275 1150 1338 Su·

244 1367 380 1454 periotes
404 1379 506 1430 autem
531 1365 610 1430 inter
644 1366 865 1432 intellectuales
889 1380 1015 1432 naturas
1050 1364 1150 1430 habent
1208 1415 1209 1444 ,

243 1455 358 1521 lormas
382 1455 481 1539 magis
518 1455 716 1533 universales,
741 1468 887 1542 utsupra
913 1455 960 1541 (l.
985 1456 1018 1533 a,
1043 1475 1068 1520 o.
1090 1453 1150 1534 98)

244 1558 401 1610 ostensum
424 1555 479 1608 est.
503 1543 581 1608 Sunt
620 1546 712 1628 igitur
734 1545 879 1629 regitivae
914 1543 1093 1610 inleriorum
1113 1541 1150 1606 in·

244 1634 462 1700 tellectualium
487 1646 675 1698 naturarum.
870 1707 872 1712 Ι

312 1723 398 1801 Item,
421 1721 561 1786 Potentia
585 1721 766 1786 intellectiva
785 1743 865 1807 quae
891 1737 937 1788 est
963 1719 1151 1808 propinquior

245 1811 395 1898 principio
418 1830 541 1896 semper
553 1811 845 1894 inveniturrcgitiva
869 1810 1080 1878 intellectualis
1102 1809 1150 1871 vir·
1209 1823 1210 1868 3

245 1901 316 1964 tutis
340 1919 418 1985 quae
454 1899 551 1983 magis
579 1919 595 1962 a
631 1900 780 1985 principio
802 1899 902 1977 disten
926 1900 1010 1984 quod
1038 1897 1149 1984 quidem

245 2002 372 2074 apparet
395 2003 456 2052 tam
481 1988 512 2052 in
535 1988 668 2052 scientiis
684 1988 878 2074 speculativis
891 2009 983 2076 quam
1000 1989 1033 2052 iu
1049 1987 1151 2058 aetitia

245 2099 318 2142 nam
342 2077 467 2142 seientia
490 2077 675 2162 speculativa
699 2097 779 2162 quae
802 2080 911 2165 accipit
934 2078 972 2142 ab
996 2077 1057 2146 uia
1079 2075 1150 2163 prin·

244 2166 323 2254 cipia
347 2187 386 2232 ex
410 2165 520 2252 quibus
543 2165 733 2232 demonstrat
756 2166 867 2232 dicitur
904 2185 971 2232 esse
994 2165 1038 2232 illi
1061 2161 1150 2230 subal·
1210 2189 1211 2212 ι

244 2269 372 2334 tornata,
395 2271 426 2318 et
448 2255 573 2319 scientia
599 2256 693 2320 activa
718 2275 796 2340 quae
820 2271 866 2320 est
881 2255 1083 2342 propinquior
1097 2251 1152 2326 lini,

243 2345 296 2428 qui
319 2359 364 2408 est
388 2343 570 2430 principium
595 2345 625 2408 in
658 2344 834 2430 operativis,
858 2360 903 2409 est
926 2342 1148 2409 architectonica

242 2446 382 2519 respectu
404 2432 502 2517 magis
525 2433 675 2498 distantis.
697 2431 774 2498 Cum
791 2453 866 2518 ergo
880 2431 1149 2500 interintelleotua·

243 2522 288 2587 les
310 2521 493 2587 substantias
510 2521 663 2607 quaedam
679 2522 738 2586 sint
755 2522 853 2607 primo
871 2522 1031 2607 principio,
1048 2518 1149 2586 scilieet

243 2610 321 2688 Deo,
344 2611 590 2696 propinquiores,
625 2625 770 2696 utsupra
795 2612 836 2694 (c.
861 2611 904 2677 ts
926 2625 957 2676 et
979 2611 1035 2695 78)
1060 2621 1148 2674 osten·

244 2720 313 2766 sum
336 2713 392 2777 est,
416 2700 480 2785 ipse
502 2713 593 2763 crunt
614 2699 741 2763 aliarum
768 2701 922 2783 regitivae.

312 2787 429 2865 Adhuc,
452 2788 633 2875 Superiores
657 2789 875 2854 intellectuales
889 2787 1077 2854 substantiae
1090 2802 1146 2871 per·

244 2877 353 2944 lectius
375 2877 495 2941 divinae
518 2877 684 2962 sapientiae
708 2877 898 2942 inlluentiam
924 2879 954 2942 in
982 2877 1089 2962 scipsis
1105 2891 1149 2966 kre-

243 2968 370 3053 cipiunt‚
393 2985 463 3030 cum
488 2966 731 3052 unumquodque
763 2967 889 3052 recipiat
913 2966 1027 3052 aliquid
1051 2981 1148 3030 secun-

242 3057 316 3122 dum
341 3055 468 3136 modum
491 3075 591 3118 suunt.
617 3055 676 3120 Per
698 3056 878 3141 sapientiam
903 3071 1005 3120 autem
1022 3053 1145 3117 divinam

241 3145 344 3212 omnia
373 3144 594 3227 gubernanun
617 3159 646 3208 et
670 3143 712 3208 sic
735 3159 854 3229 oportet
891 3144 974 3230 quod
1008 3163 1044 3208 ea
1078 3155 1146 3225 quae

240 3235 339 3318 magis
355 3233 535 3318 participant
547 3233 679 3297 divinam
693 3235 872 3320 sapientiam
886 3239 945 3298 sint
956 3229 1144 3317 gubernativa

240 3343 348 3387 eorum
373 3341 451 3406 quae
474 3322 575 3385 minus
611 3321 802 3407 participant.
833 3321 1027 3386 substantiae
1065 3319 1145 3402 igitur

237 3409 460 3476 intellectuales
484 3409 643 3474 inferiores
668 3410 878 3490 gubernantur
902 3432 956 3496 per
971 3410 1143 3496 superiores.

307 3499 458 3563 Dicuntur
480 3497 571 3582 igitur
609 3499 782 3586 superiores
816 3499 941 3586 spiritus
974 3513 1004 3565 et
1037 3491 1143 3580 Angeli,
