2462 3968
194 204 259 268 ‘276
504 226 560 270 tta.
590 226 631 272 tn.
656 225 720 271 crin.
743 224 812 271 xctr.

192 294 283 368 cicm;
305 290 464 358 diversitas
486 307 589 360 autern
613 295 779 362 materialis
817 291 932 358 inducit
956 291 1119 358 diversita-

193 396 256 444 tem
280 381 452 447 secundum
476 404 657 464 numerum,
697 386 791 459 unde,
825 381 997 448 secundum
1032 380 1121 466 quod
1228 427 1229 440 t

194 469 365 535 intellectus
388 471 527 538 hominis
552 475 721 539 illustratur
744 473 783 538 ad
822 471 937 556 aliquid
960 470 1120 556 agendum

193 558 241 623 vel
265 560 407 624 uoluntas
429 581 446 624 a
471 561 538 626 Deo
560 565 731 648 instigatur,
770 582 832 626 non
871 561 982 624 dicitur
1021 560 1121 624 homo
1228 583 1229 586 ¹

192 646 273 713 bene
297 662 395 727 natus,
419 650 473 714 sed
497 653 595 736 magis
617 651 786 718 custoditus
811 650 858 714 vel
889 648 1092 733 gubernatus.
1228 657 1229 668 ¹

204 737 207 742 “
258 736 376 803 Rursus
398 739 583 804 attendenda
608 755 654 806 est
676 743 756 806 eirea
781 741 856 804 haec
880 739 938 802 alia
966 735 1120 802 disseren·
1228 719 1229 764 ³

193 825 244 889 tia.
268 826 344 890 Nam
368 830 507 912 operatio
529 830 635 914 angeli
659 847 689 894 ει
716 830 853 914 corporis
891 826 1031 892 caelestis
1070 841 1119 890 est

192 913 292 979 solum
317 916 395 980 sicut
418 915 585 1001 disponens
609 918 647 982 ad
671 919 848 994 electiones,
886 917 1025 1002 operatio
1060 935 1118 980 au·

195 1015 258 1067 tem
281 1003 337 1068 Dei
362 1018 407 1069 est
430 1005 509 1070 sicut
532 1007 703 1092 perficiens.
728 1007 806 1073 Cum
830 1020 932 1072 autem
945 1003 1121 1090 dispositio,

193 1111 273 1176 quae
296 1107 341 1158 est
364 1113 401 1159 ex
425 1099 564 1178 eorporis
588 1097 733 1183 qualitate
756 1095 805 1160 vel
839 1093 1010 1158 intellectus
1045 1113 1118 1178 per·

192 1180 347 1260 suasione,
369 1185 584 1249 necessitatem
611 1185 650 1251 ad
674 1185 851 1270 eligendum
876 1203 938 1248 non
979 1180 1118 1262 inducat,

192 1289 254 1332 non
278 1289 402 1358 semper
427 1272 522 1336 honio
546 1274 631 1358 eligit
656 1275 686 1339 id
725 1274 808 1361 quod
843 1271 977 1356 Angelus
1011 1285 1116 1335 custo·

181 1356 281 1423 ,diens
305 1360 435 1424 intendit
461 1381 562 1447 neque
584 1362 660 1429 illud
684 1363 722 1428 nd
746 1360 830 1449 quod
853 1381 965 1447 corpus
981 1359 1117 1424 caeleste

191 1446 328 1526 inclinar
350 1469 474 1534 semper
497 1465 599 1515 tamen
623 1453 681 1517 hoc
705 1453 800 1517 ltomo
823 1449 908 1535 eligit
929 1450 1012 1533 quod
1029 1449 1117 1512 Dens

193 1551 338 1620 operatur
361 1538 392 1601 in
417 1539 483 1623 ejus
504 1541 671 1606 voluutate.
697 1541 783 1605 Unde
805 1539 943 1604 custodia
981 1537 1115 1620 Angelo-

197 1644 266 1690 rum
291 1627 447 1692 interdum
472 1642 618 1709 cassatur,
649 1631 820 1695 secundum
859 1627 943 1692 illud:
985 1626 1118 1691 Curavi·

192 1731 260 1777 mus
282 1715 486 1802 Babylonem,
511 1729 540 1782 et
561 1739 620 1782 non
636 1731 682 1784 eat
696 1731 820 1798 annoto,
835 1717 948 1782 ierem.
962 1715 1015 1792 al,
1038 1715 1069 1791 9;
1084 1731 1116 1780 et

191 1802 289 1868 multo
312 1807 410 1888 magis
433 1806 588 1871 inclinatio
611 1808 789 1874 caelestium
812 1826 989 1894 corporum3
1008 1803 1115 1870 divina

192 1909 265 1955 vero
289 1893 479 1977 providentia
508 1916 633 1983 semper
655 1911 700 1963 εει
724 1897 821 1961 lirma.
849 1902 853 1913 '

258 1980 309 2045 Est
332 1983 423 2046 etiam
447 1997 477 2048 et
500 1985 557 2049 alia
580 1985 751 2051 differentia
775 1983 1007 2052 consideranda.
1031 1981 1125 2045 litamt

192 2087 264 2133 curn
287 2089 399 2158 eorpus
422 2072 552 2138 caeleste
576 2095 638 2140 non
674 2076 816 2160 disponat
854 2073 893 2137 ad
926 2071 1113 2136 electionem

189 2157 246 2221 uisi
271 2159 454 2244 inquantum
478 2163 628 2248 imprimit
650 2164 680 2227 in
704 2183 833 2249 corpora
856 2175 962 2226 nostra
998 2161 1049 2244 (l)
1072 2181 1114 2224 ert

188 2246 301 2330 quibus
323 2249 419 2313 homo
444 2251 585 2315 incitatur
609 2251 647 2316 ad
673 2252 852 2336 eligendum
893 2270 949 2335 per
981 2248 1114 2313 modum

188 2355 250 2420 quo
274 2339 432 2422 passiones
457 2340 608 2405 inducunt
630 2340 668 2404 ad
707 2341 902 2416 electionem,
942 2339 1043 2402 omnis
1065 2339 1116 2400 di·

185 2425 312 2508 spositio
335 2427 372 2490 ad
397 2426 582 2494 electionem
606 2447 685 2516 quae
713 2444 760 2494 est
777 2449 814 2494 er
837 2427 1019 2514 corporibus
1042 2447 1115 2491 cae-

186 2510 314 2578 lestibus
348 2527 464 2601 estper
501 2518 629 2582 utodum
668 2518 796 2604 alicujus
834 2517 993 2602 passionis,
1030 2515 1114 2582 sicut

186 2619 257 2666 cnm
280 2604 349 2688 quis
372 2605 526 2670 inducitur
549 2607 588 2671 ad
607 2607 721 2692 aliquid
735 2607 912 2692 eligendum
930 2625 985 2692 per
1001 2605 1112 2670 odiunt

187 2689 236 2754 uel
259 2711 398 2758 amorem
422 2695 470 2759 vel
506 2697 582 2760 iram
619 2696 666 2760 vel
701 2696 815 2782 aliquid
851 2693 1039 2780 hujusmodi.
1064 2695 1114 2759 Ab

188 2779 305 2864 ringeln
332 2803 406 2847 vcro
431 2783 604 2868 disponitur
625 2784 735 2870 aliquis
759 2785 797 2849 ad
835 2784 1014 2868 eligendum
1053 2803 1112 2868 per

186 2869 316 2935 mudum
339 2871 536 2956 intelligibilis
559 2874 823 2951 considerationis,
857 2875 974 2957 alisque
989 2875 1110 2957 passio-

187 2977 238 3030 nes
261 2959 344 3043 quod
379 2963 505 3045 quidem
529 2963 678 3047 contingit
712 2963 883 3050 dupliciter:
906 2961 1112 3042 -Qunndo

184 3065 245 3129 que
267 3049 350 3112 enim
375 3049 564 3114 illuminatur
587 3052 758 3117 intellectus
786 3051 972 3116 ltominisab
989 3055 1109 3133 Angelo

183 3133 222 3198 ad
245 3139 494 3221 cognoscendum
517 3140 619 3204 solum
643 3141 726 3226 quod
750 3139 864 3226 aliquid
903 3153 950 3204 est
988 3139 1108 3204 bianum

182 3222 260 3301 lieri,
274 3245 336 3291 non
360 3241 462 3292 autem
486 3229 647 3293 instruitur
670 3229 708 3294 de
731 3232 851 3294 ratione
874 3241 1107 3314 propterquam

183 3326 230 3376 est
252 3314 381 3392 bonum,
404 3336 483 3402 qnae
505 3319 639 3382 sumitur
661 3337 699 3382 ex
728 3319 801 3393 line;
838 3331 867 3382 et
900 3319 971 3382 ideo
1010 3319 1108 3381 lromo

184 3403 370 3490 quandoque
393 3409 533 3471 aestimat
554 3406 638 3493 quod
661 3407 786 3492 aliquod
797 3406 835 3472 sit
851 3407 968 3471 bonum
982 3405 1060 3488 lierl3
1082 3409 1108 3471 si

235 3502 276 3570 (Ι)
291 3506 331 3560 Ea
349 3509 476 3578 quitor...,
495 3509 513 3562 i.
532 3525 554 3566 ε.
574 3511 755 3580 dispositiones
774 3527 807 3566 ex
825 3512 950 3582 quilius...
