2516 3968
198 210 263 276 tot
512 229 567 274 mn.
591 231 631 274 ιιι.
655 229 719 276 ear.
747 229 811 276 eux.

198 300 257 366 nisi
281 295 446 363 reducatur
469 296 507 362 ad
532 298 670 365 debitum
687 293 841 377 ordinem,
858 307 891 361 ut
915 292 1007 360 finem
1033 291 1125 360 delri-

199 405 264 454 tum
288 386 432 452 omnibus
456 387 617 472 praeierat,
641 388 724 474 quod
751 403 798 455 est
835 385 951 472 gratioe
983 381 1123 448 elicctus.

199 478 282 544 Dum
306 489 411 541 autem
434 474 557 560 cligitur
579 477 694 563 aliquid
718 477 801 564 quod
825 486 978 562 repugnat
1011 472 1123 536 ultimo

200 568 266 634 lini:
289 564 547 651 impedimentum
572 579 705 652 praestat
727 567 854 652 gratiae,
867 581 947 650 quae
964 561 1064 644 dirigit
1089 561 1123 624 in

202 656 307 722 finem.
333 653 419 718 Unde
442 653 644 719 manifestum
664 668 710 721 est
733 655 816 742 quod
856 667 925 741 post
964 663 1124 736 peccatum

204 765 266 812 noo
283 756 382 831 potest
404 742 500 808 homo
523 743 677 808 abstinere
699 745 739 810 ab
763 744 846 809 omni
871 753 1008 829 peccato,
1039 752 1125 802 ante-

204 853 298 920 quam
322 831 529 918 pergratiam
552 832 591 897 ad
614 833 753 899 debiturn
778 833 919 898 ordinem
951 827 1127 893 reducatur.

271 921 446 997 Praeterea,
469 919 546 985 Cum
572 942 661 987 mens
684 922 826 988 inclinata
843 921 933 986 luerit
946 917 985 982 ad
998 917 1127 1002 aliquid,

206 1029 268 1077 non
291 1007 409 1094 sejam
434 1008 526 1074 habet
549 1010 718 1097 acqualiter
739 1013 778 1076 ad
802 1025 967 1095 utrumque
1001 1005 1126 1092 opposi-

108 1179 111 1186 .
207 1114 320 1178 torum,
342 1097 397 1164 sed
420 1099 518 1183 magis
541 1099 579 1164 ad
604 1099 741 1166 illudad
764 1100 847 1186 qued
886 1113 933 1162 est
969 1095 1126 1171 inclinata.

208 1186 286 1254 lllud
310 1200 413 1251 autem
436 1187 475 1251 ad
500 1188 582 1274 quod
607 1209 696 1253 mans
719 1191 874 1274 mugisse
905 1185 998 1252 hahet
1031 1182 1128 1266 eligit,

208 1279 265 1342 nisi
291 1296 346 1362 per
367 1277 494 1343 rationis
516 1277 739 1343 discussionem
763 1282 802 1344 ab
825 1297 863 1342 eo
886 1275 1020 1362 quadam
1043 1272 1128 1336 solli·

209 1363 343 1432 citudine
372 1365 552 1444 abducatun
576 1367 659 1432 unde
681 1381 712 1432 et
734 1370 766 1432 in
804 1365 971 1453 repentinis
1003 1362 1128 1446 signum

209 1453 361 1520 interioris
385 1453 507 1520 lrabitus
530 1458 693 1542 praecipue
715 1456 811 1543 accipi
835 1469 943 1542 potest.
977 1451 1045 1516 Non
1082 1465 1129 1516 cst

210 1558 314 1610 autern
338 1542 483 1629 possibile
513 1557 648 1610 urentem
682 1546 815 1610 lrominrs
848 1557 993 1609 continue
1028 1539 1059 1602 in
1091 1561 1128 1604 ea

211 1633 366 1717 uigilantia
391 1651 459 1696 esse
483 1648 515 1697 ut
540 1653 594 1719 per
617 1635 768 1698 rationem
803 1635 943 1700 discutiat
977 1629 1128 1716 quidquid

211 1721 304 1786 debet
327 1719 404 1785 velle
427 1721 474 1785 vel
497 1741 598 1806 agere.
624 1719 711 1788 Unde
735 1717 1130 1810 consequiturquodmens

210 1809 376 1896 aliquando
399 1809 491 1895 eligat
513 1811 543 1874 id
568 1811 606 1874 ad
623 1815 705 1898 quod
719 1825 764 1876 est
780 1811 921 1878 inclinata
931 1809 1129 1874 inclinatione

210 1913 365 1975 manente;
381 1900 475 1975 etita,
498 1900 522 1964 si
547 1899 689 1965 inclinata
714 1899 805 1966 luerit
829 1903 858 1965 in
883 1911 1129 1987 peccatum‚non

209 1986 301 2052 stabit
312 1987 365 2051 diu
388 1988 461 2071 quin
485 1999 600 2074 peccet,
624 1989 881 2076 impedimentum
904 1989 1019 2074 gratiae
1041 2007 1129 2074 prue-

209 2086 304 2152 steos,
325 2073 382 2141 nisi
406 2074 446 2140 ad
467 2089 580 2142 statum
602 2079 792 2145 rectitudinis
820 2078 997 2144 reducatur.

275 2166 384 2230 Adime
420 2166 513 2230 etiam
551 2183 720 2254 operantur
754 2171 886 2254 impetus
920 2163 1129 2252 corporalium

210 2256 399 2340 passionum,
433 2269 463 2320 ct
502 2257 677 2342 appetibilia
715 2253 888 2322 secundum
926 2273 1061 2330 sensum,
1099 2267 1131 2316 et

209 2343 361 2430 plurimae
384 2345 541 2429 passiones
564 2359 594 2410 et
617 2345 795 2411 occasiones
818 2345 900 2410 mala
923 2342 1045 2428 agendi,
1059 2343 1130 2428 qui-

211 2439 269 2498 bus
292 2432 331 2496 de
347 2429 434 2496 ¹lucili
458 2432 554 2499 homo
577 2449 762 2521 provocatur
785 2435 823 2500 ad
849 2433 1055 2521 peccandum,
1071 2431 1130 2495 nisi

211 2521 384 2588 retrahatur
406 2542 462 2608 per
483 2521 607 2588 firmam
631 2525 844 2590 inhaesionem
868 2525 907 2592 ad
932 2521 1074 2587 ultimum
1093 2519 1129 2584 fia

191 2630 297 2686 «nem,
319 2629 412 2695 quam
435 2613 530 2695 gratia
554 2610 633 2678 iacit.

279 2693 504 2786 Undeapparet
525 2701 615 2766 stulta
640 2700 874 2787 pelagianorum
891 2699 1007 2787 opinio.
1019 2699 1070 2784 qui
1084 2697 1132 2761 di·

215 2785 326 2854 cebant
347 2787 506 2854 hominem
523 2789 554 2854 in
577 2803 703 2877 peceato
726 2791 906 2856 existentem
930 2791 996 2853 sine
1033 2789 1131 2872 gratia

215 2897 308 2964 posse
329 2877 425 2942 vitare
448 2893 581 2964 peecata.
605 2879 698 2964 Cujus
722 2881 909 2944 eontrarium
933 2891 1059 2964 apparet
1092 2897 1130 2940 ex

158 3005 160 3012 ·
216 2969 275 3032 hoe
297 2967 380 3052 quod
403 2967 562 3032 Psalmista
585 2971 669 3054 petit:
696 2968 771 3033 Cum
784 2969 927 3050 defecerit
936 2968 1035 3031 uirtus
1050 2985 1131 3043 meu,

214 3076 251 3120 ne
274 3055 552 3140 derclinqnoome,
565 3057 689 3132 Psalm,
711 3057 765 3136 70,
788 3058 819 3136 93
834 3071 864 3121 et
876 3057 1027 3121 Dominus
1040 3073 1131 3118 orare

211 3165 267 3210 nos
290 3144 389 3209 docet·
412 3143 452 3209 m
474 3165 511 3210 ne
533 3167 589 3211 troc
612 3147 742 3212 inducor
764 3147 797 3212 irc
830 3146 1039 3222 intentionem,
1074 3147 1129 3208 sed

211 3232 310 3299 libero
330 3255 386 3298 nos
408 3253 428 3298 o
449 3237 543 3301 molo.

277 3323 426 3405 Quamvis
448 3340 552 3389 autem
577 3323 619 3388 illi
644 3325 696 3410 qni
723 3326 753 3390 in
779 3338 904 3411 peccate
926 3336 999 3388 sunt
1033 3321 1130 3384 vitare

209 3432 272 3476 non
296 3412 413 3498 possint
436 3433 491 3499 per
514 3414 670 3500 propriam
693 3423 875 3502 potestatem
899 3412 974 3500 quin
997 3411 1129 3496 impedi·

212 3514 350 3566 mentum
374 3503 488 3585 gratiae
511 3515 666 3587 praestent
690 3503 737 3580 vel
760 3515 941 3590 ponantur
966 3513 1128 3566 ostensum
