2516 3968
396 236 453 284 tra.
479 238 522 284 ιιι.
540 225 610 287 Ιιιι.
633 237 752 286 cxxxix.
976 221 1041 288 ddi

127 307 278 394 nitapt‘neat
299 325 390 372 auant
414 305 487 372 done
508 307 598 393 furit:
622 321 653 374 et
674 309 728 395 qni
747 309 918 397 noniunpit
932 313 1045 378 monor

126 397 216 482 farcit,
241 397 257 462 i
284 394 366 470 Cor,
388 396 421 474 7,
443 395 496 462 58.
602 448 615 476 ,
683 475 685 480 ¹

193 485 228 552 tt
251 483 369 551 eisdem
392 483 484 550 etiam
506 484 677 552 rationibus
708 498 835 573 apparet
859 485 943 572 quod
979 505 1043 560 non

126 575 230 640 omnia
254 584 379 660 peecata
399 586 473 640 aunt
496 575 592 660 paria,
608 595 678 640 euru
696 595 864 662 perunum
881 588 1042 666 peceatum

123 663 223 750 tnagis
245 661 423 728 discedatur
445 683 464 728 a
487 661 551 728 fine
574 683 667 750 quarn
691 684 747 750 per
769 663 852 730 aliod
886 677 916 730 et
945 666 1045 750 nangis

125 764 318 840 pervertatur
355 751 433 818 ordo
451 751 595 818 rationis
634 764 665 816 et
688 751 787 838 majus
821 765 1043 822 nocumentum

123 841 266 928 proximo
289 838 450 906 inferatur.
473 839 551 906 Hine
575 841 728 927 estquod
751 840 871 906 dieitur
904 840 1043 908 Soeiero·

124 930 208 996 tiore
227 930 328 1013 setini
351 930 417 994 attis
431 929 465 994 in
489 929 701 996 omnidueuiia
713 929 916 1010 ariadnen,
929 931 1046 1010 16,st

189 1017 248 1084 Per
271 1018 331 1084 hoo
364 1032 467 1084 autern
502 1017 676 1084 excluditur
713 1018 920 1105 quorumdam
955 1040 1043 1088 error

121 1104 291 1174 dicentium
314 1107 417 1172 omnia
442 1107 551 1174 merita
574 1117 605 1172 et
627 1125 751 1194 peecata
773 1127 843 1174 esse
866 1109 961 1195 paria.

189 1195 280 1279 Quod
305 1209 409 1260 tamen
433 1215 544 1262 omnes
568 1197 693 1262 virtuosi
715 1197 874 1264 aetussiot
888 1198 1043 1284 aequales,

117 1303 158 1350 ox
181 1285 241 1352 hoe
264 1283 426 1350 videbatur
449 1284 584 1371 aliquam
624 1285 773 1352 rationem
806 1285 933 1364 habere,
970 1286 1041 1374 quia

121 1373 222 1440 omnis
245 1387 330 1438 aetus
353 1373 507 1440 virtuosus
533 1387 640 1438 estex
668 1374 730 1440 fine
766 1374 849 1452 buni3
885 1375 979 1452 uude,
1016 1377 1042 1440 si

120 1462 260 1528 omnium
285 1461 438 1528 bonorum
462 1478 586 1528 aotuurn
609 1476 655 1528 est
677 1463 760 1528 idern
791 1463 861 1528 finis
899 1464 991 1544 boni,
1007 1485 1044 1532 o·

121 1564 222 1638 portet
243 1570 352 1616 ornnes
373 1551 541 1637 aequaliter
563 1549 663 1618 bonos
684 1571 764 1618 etse.

189 1639 272 1706 Lioet
294 1652 397 1704 auteur
420 1641 459 1706 sit
481 1660 561 1705 unos
583 1638 653 1706 finis
676 1640 802 1708 ultimus
836 1640 920 1721 boni,
957 1655 1042 1710 aetus
1103 1651 1107 1691 t

123 1739 227 1794 tamen
250 1729 303 1816 qui
326 1748 364 1794 ex
387 1727 439 1793 iiio
463 1728 630 1794 bonitatem
655 1730 770 1796 habent
792 1728 948 1797 diversum
985 1731 1040 1796 bo-

121 1817 224 1883 nitatis
245 1815 377 1903 gradum
400 1818 562 1903 aeeipiuut;
594 1831 642 1883 est
678 1819 762 1884 enirn
797 1818 828 1882 in
864 1819 911 1884 his
949 1818 1041 1886 bonis

121 1925 201 1992 quae
225 1906 264 1973 ad
288 1905 431 1972 ultimum
455 1906 549 1972 dn'ern
573 1906 762 1974 ordinantur
784 1905 957 1974 differentia
974 1928 1042 1993 grn-

119 1993 228 2072 duum,
249 1994 422 2062 seeundum
446 1995 530 2081 quod
553 1995 712 2082 quaedam
735 2009 808 2061 sunt
830 1995 897 2062 aliis
913 1996 1041 2064 meliora

118 2097 151 2148 et
173 2083 227 2148 tini
251 2083 360 2150 ultimo
386 2084 618 2170 propinquiora.
646 2084 744 2164 Unde,
766 2086 796 2150 io
821 2085 978 2151 voluntate
1011 2100 1043 2152 et

74 2193 77 2201 ·
119 2171 236 2238 aetibus
259 2172 338 2258 ejus,
360 2171 473 2256 gradus
497 2171 641 2238 bonitatis
666 2174 722 2238 erit
745 2173 917 2238 seeundum
941 2174 1043 2241 diver·

119 2262 241 2327 aitatem
265 2261 419 2327 bonorum
443 2260 482 2326 ad
505 2279 585 2344 quae
615 2261 798 2326 terminatur
833 2261 975 2328 voluntas
1012 2276 1043 2328 et

119 2348 187 2436 ejus
210 2363 305 2425 aetus,
328 2349 399 2414 lieet
422 2349 547 2414 ultimus
571 2347 640 2414 finis
663 2351 701 2414 sit
718 2351 811 2416 iden.

185 2437 332 2504 Similiter
354 2438 458 2512 etiam,
480 2436 564 2523 qood
587 2438 691 2502 omnia
714 2451 837 2526 pecoata
853 2452 924 2506 sunt
946 2439 1042 2527 paria,

120 2525 243 2591 videtur
264 2546 302 2592 ex
325 2525 384 2591 hoe
407 2525 522 2592 habere
544 2525 696 2591 rationem
719 2526 791 2612 quia
815 2541 976 2614 peceatum
1009 2529 1042 2594 in

119 2614 239 2680 aeribus
261 2614 405 2684 humanis
428 2615 538 2680 aeeidit
561 2635 599 2682 ex
620 2613 680 2680 hoo
702 2616 770 2680 solo
808 2616 893 2701 quod
931 2617 1042 2704 aliquia

119 2703 266 2791 praeterit
288 2702 428 2788 reguiam
453 2703 589 2781 ratiooie3
613 2703 655 2768 ita
679 2717 784 2768 autern
810 2710 956 2790 praeterit
992 2726 1041 2772 re·

117 2792 223 2878 gulam
247 2790 372 2858 rationis
394 2791 447 2879 qui
462 2792 501 2858 ia
526 2791 692 2858 modieoa
719 2792 841 2857 rationo
864 2793 978 2859 reeedit
1002 2795 1041 2859 si·

118 2895 171 2947 out
192 2881 245 2968 qui
269 2886 300 2946 io
323 2899 448 2966 magon
471 2880 592 2946 videtur
614 2880 707 2964 igitur
729 2894 887 2967 peecatum
904 2882 1043 2968 aequale,

117 2970 182 3036 sive
204 2972 236 3036 iu
258 2967 382 3034 modieo
404 2970 468 3035 sive
492 2970 522 3034 in
548 2989 661 3052 magno
684 2982 840 3056 peooetur.
872 2968 950 3036 Huic
986 2992 1043 3037 au·

118 3073 181 3124 tem
204 3059 314 3124 rationi
338 3057 459 3124 videtur
481 3057 640 3142 suffragari
666 3058 750 3143 qnod
776 3059 805 3122 in
832 3057 976 3124 humanis
990 3059 1040 3145 ju·

116 3147 207 3212 dioiis
229 3149 339 3232 agitur.
362 3145 451 3225 Nam,
473 3147 499 3212 si
522 3146 613 3212 alieni
638 3159 789 3211 statuatur
818 3145 909 3212 times
948 3169 1041 3234 quern

117 3255 181 3302 non
204 3233 455 3320 transgrediatur,
478 3235 554 3300 nihil
577 3234 672 3300 refert
696 3235 777 3323 apud
799 3233 939 3320 judicem
976 3237 1042 3302 sive

116 3324 251 3392 multum
275 3326 340 3390 sive
362 3323 519 3389 modicum
543 3325 582 3389 sit
612 3337 832 3409 transgressus,
862 3324 953 3390 sieut¹
978 3343 1041 3390 non

117 3412 368 3497 resonetque
391 3411 476 3498 pugil
503 3413 620 3477 limites
658 3411 760 3499 oampi
798 3411 901 3490 exivit,
936 3425 1041 3480 utrum

117 3521 229 3592 parurn
252 3522 292 3568 an
316 3501 438 3588 longius
460 3500 688 3590 progrediatun
711 3520 749 3568 ex
771 3520 833 3592 quo
859 3501 957 3589 igitur
991 3522 1041 3569 ra-
