2452 3970
392 266 448 311 ua.
476 265 518 310 ιιι.
542 265 605 312 mr.
630 265 708 311 uviri.
947 243 1009 314 163

400 421 565 489 CAPUT
598 421 699 490 LVlll.

123 599 216 685 Quod
236 621 315 668 rmus
332 599 402 668 olto
421 600 592 685 perfectius
618 600 715 664 ileum
734 599 841 666 odere
861 612 972 686 pateat.

155 781 235 864 Quia
255 799 332 844 uero
357 778 468 843 modus
485 777 677 865 operationis
711 779 913 865 consequitur
947 778 1009 844 lor·

88 891 184 952 mam,
207 889 287 954 quae
309 881 355 931 est
372 869 564 952 operationis
588 867 784 952 principium,
818 868 942 934 visionis
956 889 1011 933 au-

88 975 150 1025 tem
173 979 236 1046 qua
263 956 434 1022 intelleotus
472 969 592 1020 oreatus
629 956 831 1020 substantiam
870 957 1008 1022 divinam

89 1049 173 1113 videt
196 1047 377 1135 principium
403 1045 560 1130 quoddam
584 1056 630 1106 est
664 1043 769 1108 lumen
806 1046 1009 1131 praediorum,

88 1153 124 1202 ut
146 1156 184 1202 er
207 1135 294 1200 dietis
317 1137 357 1216 (a
383 1133 440 1214 tto)
462 1145 557 1220 patet,
576 1152 706 1198 nocens
728 1146 775 1198 est
800 1134 883 1220 quod
900 1155 1010 1200 secun-

90 1227 167 1290 dum
191 1224 319 1289 modum
344 1221 435 1307 liujus
457 1221 581 1286 luminis
604 1221 642 1286 sit
676 1223 791 1287 modus
819 1222 945 1288 divinae
969 1225 1012 1288 vi-

90 1315 195 1380 sionis.
220 1311 369 1377 Possibile
392 1325 438 1376 est
461 1323 564 1374 autem
589 1311 680 1394 liujus
710 1310 834 1376 luminis
873 1313 1011 1379 diversos

90 1422 161 1468 esse
185 1401 422 1488 participationis
445 1399 570 1484 gradus,
593 1399 633 1462 ita
658 1400 741 1484 quod
780 1421 860 1465 unus
881 1421 921 1465 eo
942 1411 1013 1488 per·

90 1492 200 1557 leutius
224 1490 391 1555 illustretur
414 1508 507 1575 quam
530 1487 619 1552 alius.
656 1487 803 1554 Possibile
843 1504 888 1554 est
922 1493 1023 1575 igitur¹
1053 1511 1058 1522 ’

91 1578 177 1668 quod
200 1598 282 1644 unus
306 1577 405 1642 Deum
431 1577 600 1641 videntium
626 1575 790 1662 perfectius
813 1578 877 1643 alio
901 1579 1015 1654 videat,

91 1669 233 1756 quamvis
246 1679 386 1753 *uterque
409 1665 510 1730 videat
531 1664 599 1749 ejus
621 1665 835 1732 substantiam.

157 1756 275 1833 Adnue,
300 1755 330 1819 ιιι
353 1765 551 1841 quacumque
573 1773 689 1837 genere
712 1771 757 1817 est
779 1753 904 1842 aliquod
928 1775 1012 1820 sum-

91 1864 179 1912 motta
205 1844 288 1932 quud
311 1843 431 1908 euoedit
452 1843 523 1921 alia,
545 1857 592 1906 est
611 1843 707 1907 etiam
743 1844 880 1909 invenire
914 1845 1012 1930 magis

93 1949 123 2000 et
146 1935 248 2000 minus
271 1931 443 1998 seeundum
474 1934 624 2017 majoram
665 1934 923 2018 propinquitatem
962 1935 1011 1999 vel

93 2024 268 2090 distantiam
292 2022 331 2086 ab
356 2023 432 2108 ipso;
455 2023 533 2086 siout
557 2020 658 2106 aliqrra
680 2036 752 2085 sunt
773 2024 873 2107 magis
902 2037 933 2088 et
955 2023 1011 2087 mi-

94 2135 152 2180 nus
170 2110 271 2177 ¹aalide
294 2111 465 2175 seeundum
490 2109 574 2196 qaod
596 2109 695 2192 magis
719 2123 749 2173 et
780 2113 885 2176 mitius
901 2130 1013 2197 appro-

95 2205 222 2290 pinquat
240 2198 283 2264 ad
309 2201 421 2284 iguem,
445 2201 497 2284 qui
521 2211 567 2263 est
602 2217 725 2262 summe
760 2199 889 2265 calidus.
929 2199 1012 2265 Deus

94 2305 198 2356 autem
220 2307 309 2354 suam
331 2288 534 2354 substantiam
555 2286 777 2374 perleodssime
795 2287 891 2365 videt,
907 2301 1014 2378 uqsote

94 2381 146 2467 qui
168 2377 254 2444 solus
275 2397 346 2440 earn
370 2376 616 2462 eomprelrendit,
641 2388 673 2440 ut
696 2395 787 2462 supra
810 2376 852 2465 (o.
878 2376 936 2463 ild)
964 2399 1015 2443 os·

93 2484 215 2533 tensum
229 2480 284 2532 est.
298 2465 392 2550 igitur
404 2479 433 2530 et
445 2485 516 2530 eum
536 2465 703 2530 videntium
726 2485 807 2530 uerus
824 2466 891 2532 olio
915 2469 1013 2552 magis

93 2557 142 2621 vel
161 2557 269 2621 :minus
292 2555 358 2640 ejus
380 2554 581 2619 substantiam
606 2553 698 2630 videt,
722 2554 893 2621 seeundum
927 2556 1012 2642 quod

94 2647 192 2731 tnagis
215 2643 262 2708 vel
286 2643 388 2707 minus
409 2642 439 2707 ai
457 2644 696 2729 appropinquat.

160 2732 309 2818 Amplius,
326 2731 449 2796 Lumen
467 2731 589 2815 ,gloriae
606 2751 649 2796 or
673 2732 733 2796 hoe
748 2731 793 2796 ¹ad
812 2732 950 2798 divinam
968 2735 1012 2798 vi-

95 2825 215 2888 sionem
233 2821 337 2885 elevat
351 2820 442 2907 quud
463 2833 511 2884 est
532 2819 700 2886 similitudo
726 2820 886 2906 quaedam
921 2823 1013 2888 intel·

95 2912 194 2978 leatus
217 2909 323 2975 divini:
346 2911 423 2974 sieut
441 2907 508 2992 pam
532 2907 1014 2997 dado)dietumestalloutiugit

95 3015 200 3065 autem
220 2997 339 3084 'aliquid
363 2999 461 3081 nugis
483 2998 532 3062 vel
554 2997 657 3061 minus
677 2997 838 3064 assimilari
851 2998 927 3066 Deo.
940 2999 1014 3065 Pos-

95 3089 186 3155 sibile
209 3101 255 3153 est
278 3090 369 3171 igitur
387 3086 505 3173 aliquid
526 3083 683 3173 perlectus
693 3087 743 3152 vel
763 3087 868 3154 miuus
880 3087 1015 3176 perlecto

97 3178 234 3244 divinam
256 3176 458 3241 substantiam
482 3175 594 3240 vidore.

164 3268 252 3345 ltem,
274 3263 352 3330 Cum
372 3262 445 3330 ,finis
472 3259 740 3350 proportionaliter
762 3264 947 3350 respondeat
969 3267 1016 3332 his

97 3376 177 3444 quae
214 3366 286 3421 suut
315 3353 354 3417 ad
377 3351 483 3432 finem,
506 3364 626 3439 oportet
664 3349 759 3438 quod,
796 3357 874 3419 sieut
913 3357 1015 3442 aliqua

96 3443 304 3510 diversimode
329 3455 549 3528 praeparantur
571 3441 609 3505 ad
627 3439 732 3517 finem,
750 3443 790 3507 ita
807 3442 1015 3510 diversimode

98 3536 281 3622 parttdpem
303 3531 409 3596 linem.
434 3529 514 3598 Visio
537 3546 639 3596 autem
668 3532 790 3598 divinae
824 3532 1015 3604 substantiae
