2452 3970
217 231 279 296 100
503 251 559 294 ιιι.
582 251 623 296 ιιι.
647 249 709 295 car.
733 249 832 296 ιιιιιι

214 319 426 404 ρειιιιιιειιιιιιιι
451 339 512 404 quo
535 319 595 384 sint
618 317 725 384 orbati.
749 319 793 383 to
818 315 1003 405 praedictam
1027 325 1133 378 autem

213 407 421 494 cognitionem
443 408 481 473 de
504 408 572 473 Deo
606 408 782 474 habendam
804 427 860 494 per
885 407 965 470 viam
1002 402 1134 468 demon·

212 497 368 562 strationis
391 496 478 584 pauci
525 499 717 584 perveniunt,
752 511 876 584 propter
910 493 1133 580 impedimenta

211 585 303 671 hujus
326 587 519 670 cognitionis,
542 605 621 672 quae
651 586 805 672 tetigimus
828 585 863 672 (l.
891 583 921 658 l,
943 603 970 647 c.
994 582 1039 668 d).
1063 579 1133 644 lion

210 689 256 738 εει
279 675 370 758 igitur
393 674 460 740 talis
495 675 629 760 cognitio
652 675 854 742 essentialiter
890 673 956 759 ipsa
994 671 1133 736 humana

210 761 347 828 lelieitas.
775 825 777 832 ,

275 851 395 930 Adhuc,
418 852 544 917 lisseio
567 866 637 918 actu
661 867 706 919 est
728 853 799 920 linis
836 849 992 918 existentis
1018 849 1049 912 in
1073 866 1131 931 po·

209 941 314 1017 tentia,
338 954 370 1005 ut
392 961 429 1006 ex
452 943 627 1028 praemissis
651 944 705 1026 (c.
744 942 816 1028 ιθ)
856 953 947 1028 patet.
985 937 1128 1002 Felicitas

210 1029 313 1115 igitur,
336 1045 484 1115 quaeest
508 1031 632 1096 ultimus
657 1029 737 1109 linis,
772 1046 819 1096 est
856 1044 941 1094 actus
977 1027 1027 1090 cui
1064 1044 1131 1088 non
1220 1035 1221 1056 ι

210 1118 389 1204 adjungitur
410 1121 544 1205 potentie
566 1119 606 1184 ad
630 1120 806 1186 ulteriorem
830 1133 944 1184 actum.
967 1115 1050 1179 Telis
1073 1133 1131 1176 au-

212 1221 275 1271 tern
298 1208 443 1293 cognitio,
472 1229 526 1294 per
563 1212 643 1273 viam
677 1207 949 1274 demonstrationis
983 1204 1022 1268 de
1060 1202 1130 1266 Deo

212 1296 327 1375 habita,
350 1311 490 1363 remanet
512 1297 612 1362 adhuc
637 1300 667 1362 in
692 1299 826 1385 potentia
852 1297 891 1361 ed
930 1291 1046 1378 aliquid
1084 1291 1132 1354 ul-

212 1385 305 1450 terius
328 1385 367 1450 de
391 1386 457 1452 Deo
481 1387 731 1470 cognoscendum
767 1387 814 1452 vel
852 1384 891 1450 ad
928 1384 1037 1447 eadem
1072 1401 1131 1444 no·

210 1473 310 1539 bilicri
334 1476 440 1552 modo;
463 1481 647 1561 posteriores
672 1479 755 1541 enim
779 1475 879 1540 conati
902 1486 974 1537 suut
1011 1469 1130 1555 aliquid

209 1563 247 1627 ad
271 1564 406 1628 divinam
430 1567 638 1648 cognitionem
677 1567 835 1652 pertinens
872 1561 1041 1647 adjungere
1081 1559 1131 1622 liis

207 1671 287 1737 quae
310 1674 327 1716 a
351 1654 505 1739 prioribus
529 1657 713 1718 invenerunt
735 1653 854 1719 tradita.
878 1651 946 1716 Non
966 1662 1012 1714 est
1034 1647 1131 1732 igitur

206 1741 274 1806 talis
298 1742 433 1825 cognitio
458 1741 565 1806 ultima
588 1743 722 1808 hominis
746 1741 883 1808 lelieitas.

272 1831 421 1916 Amplius,
454 1831 593 1896 Felicitas
630 1851 755 1896 omnem
791 1830 947 1896 miseriam
982 1823 1130 1901 excludit;

207 1938 300 1981 nemo
323 1920 406 1983 enirn
430 1919 521 1983 simul
544 1920 638 1984 miser
659 1934 690 1984 et
714 1921 783 1985 felix
818 1939 886 1986 esse
920 1928 1029 2004 potest.
1064 1913 1128 1976 De-

206 2007 307 2092 ceptio
330 2021 433 2072 autern
457 2022 487 2072 et
512 2027 599 2073 error
622 2029 734 2094 inagna
757 2031 828 2096 pars
840 2008 982 2072 miseriae
998 2003 1128 2078 est;lroc

206 2111 253 2161 est
275 2097 359 2160 enirn
375 2096 457 2181 quud
480 2117 589 2163 omnes
613 2099 792 2164 naturaliter
805 2097 933 2183 fugiunt.
947 2093 1128 2159 Praedictae

208 2199 312 2250 autem
336 2186 504 2269 cognitioni
528 2207 607 2271 quae
631 2191 670 2252 tle
694 2189 761 2252 Deo
785 2188 926 2259 liabetur,
964 2179 1128 2266 multiplex

208 2293 296 2337 error
319 2273 444 2359 adjungi
462 2291 571 2360 potest;
595 2277 678 2363 qnod
702 2291 783 2363 patet
807 2277 837 2340 in
860 2273 964 2339 multis
997 2274 1050 2357 qui
1073 2269 1130 2332 ali-

209 2382 269 2448 qua
288 2381 359 2426 vera
382 2363 422 2428 de
442 2363 509 2429 Deo
531 2385 587 2452 per
611 2367 690 2430 uiam
718 2363 987 2430 demonstrationis
1010 2378 1129 2443 cogno-

209 2466 329 2529 verunt,
352 2452 404 2537 qui
427 2473 498 2517 suas
521 2455 751 2519 aestimationes
771 2466 946 2541 sequentes,
973 2450 1048 2514 dum
1072 2447 1130 2511 de·

208 2544 390 2605 monstratio
413 2541 457 2606 eis
478 2542 608 2620 deesset,
632 2545 661 2608 in
686 2562 807 2608 errores
842 2540 1027 2626 multiplices
1049 2538 1130 2600 inci-

206 2628 328 2694 derunt.
352 2629 384 2695 Si
407 2645 511 2694 autem
535 2631 629 2718 aliqui
652 2630 787 2709 luerunt,
799 2632 851 2717 qui
874 2632 919 2695 sic
953 2629 993 2693 de
1015 2625 1130 2690 divinis

204 2718 365 2783 veritatem
388 2719 582 2798 invenerunt,
598 2721 865 2788 demonstrationis
889 2719 947 2797 tia,
974 2715 1059 2803 qood
1074 2734 1131 2779 eo·

205 2827 275 2870 rum
300 2809 503 2874 aestimationi
528 2809 612 2873 nulla
637 2808 752 2874 lalsitas
788 2809 1021 2894 adjungeretur,
1044 2819 1130 2890 patet

206 2915 259 2960 eos
283 2895 376 2962 luisse
400 2898 610 2984 paucissimos
634 2899 716 2983 qnod
741 2919 803 2963 non
827 2899 970 2982 congruit
991 2895 1129 2960 felicitati

207 3005 287 3069 quae
310 3002 355 3050 est
378 2988 552 3051 communis
576 2986 656 3050 linis.
679 2987 746 3051 Non
783 2986 876 3072 igitur
913 3001 959 3050 est
998 2988 1028 3049 in
1068 2985 1128 3047 liec

206 3075 383 3160 cognitione
406 3075 445 3140 de
469 3075 535 3139 Deo
559 3076 665 3140 ultima
689 3076 823 3140 ltomials
847 3075 983 3140 lelieitas.

271 3163 446 3241 Praeterea,
469 3165 608 3230 Felicitas
632 3167 662 3229 in
679 3167 858 3252 operatione
895 3163 1028 3249 perlecta
1052 3180 1128 3225 ecu-

204 3250 291 3316 sistit.
316 3253 360 3316 nd
385 3251 605 3340 perlectionem
630 3271 732 3319 autem
757 3253 939 3338 cognitionis
959 3250 1129 3336 requiritur

203 3341 365 3418 certitudo,
390 3343 472 3406 unde
494 3346 573 3408 scire
599 3343 713 3429 aliquid
738 3363 800 3408 non
823 3343 956 3407 dicimur
979 3341 1036 3404 nrsi
1071 3359 1127 3404 co·

205 3449 391 3511 gnoseamus
414 3433 498 3517 quod
522 3433 711 3519 impossibile
734 3447 779 3497 est
802 3431 890 3496 aliter
927 3450 960 3494 se
999 3430 1128 3503 liabere,

206 3531 238 3580 ut
262 3535 344 3604 patet
368 3521 399 3586 in
423 3524 525 3609 primo
549 3522 753 3610 posteriorum
793 3517 887 3599 (tent.
928 3537 1042 3586 coortu.
1066 3518 1124 3602 7).
