2452 3970
206 217 289 284 Μ’
424 233 850 300 ¹nommetur„

205 326 268 372 non
293 313 483 391 potestesse
506 301 622 368 infinita
657 304 809 370 distantia.
844 303 939 390 igitur
976 303 1120 369 distantia

206 401 285 481 qtttte
308 401 353 458 est
390 391 470 456 inter
506 391 648 457 infimum
684 393 875 459 intellectum
914 405 1051 459 ereetum
1089 406 1122 456 et

149 485 153 490 “
205 489 385 569 supremum
410 493 455 545 est
477 481 564 566 quasi
588 481 664 546 nibil
687 481 719 546 in
734 483 967 570 comparatione
978 482 1016 546 a'd
1029 481 1120 547 illam

180 571 380 659 ‘distentia'm
402 581 483 654 quae
519 581 566 634 'est
599 571 679 635 inter
716 583 895 658 supremum
931 570 1122 636 intelleotum

88 717 92 726 .
204 669 341 728 creatum
365 671 395 724 et
417 658 530 723 Deum.
552 657 644 740 Quod
668 669 772 724 statem
795 672 841 725 est
863 661 949 748 quasi
964 659 1040 726 nibil
1056 672 1122 724 nott

206 762 304 836 potest
327 749 526 812 variationem
550 747 726 815 sensibiiem
750 748 862 825 laceio,
885 751 963 815 sieut
978 745 1123 814 distantia

205 856 285 924 quae
307 847 354 902 est
376 838 455 901 inter
476 849 617 901 nentrum
642 851 742 902 terrae
764 852 795 902 et
816 840 915 902 visum
950 850 996 902 est
1033 837 1123 923 qnasi

207 927 283 992 niltil
305 929 336 990 in
360 925 588 1011 comparatione
611 925 650 991 ad
672 925 848 991 distantiam
868 939 951 1013 quiae
973 938 1019 990 est
1042 929 1126 989 inter

207 1017 305 1082 visum
330 1027 468 1079 nostrum
492 1027 522 1078 et
544 1015 708 1101 sphaeram
732 1028 871 1080 octavam
888 1016 951 1102 (l),
974 1013 1127 1100 adquam

207 1118 270 1170 tota
293 1119 372 1168 terra
396 1119 571 1190 comparata
594 1104 713 1168 obtinet
733 1101 837 1168 loeum
861 1105 975 1190 puncti:
999 1117 1027 1168 et
1050 1123 1126 1188 pro-

208 1207 276 1279 pter
298 1193 356 1257 boo
380 1191 463 1256 nulla
486 1192 638 1258 sensibilis
661 1193 788 1280 variatio
812 1191 844 1257 tit
867 1213 923 1280 per
946 1193 1004 1258 ltoo
1038 1190 1127 1277 quod

209 1281 363 1366 astrologi,
387 1281 416 1344 in
441 1281 504 1346 suis
538 1280 863 1360 demonstrationibus,
897 1292 1024 1346 utuntur
1053 1281 1128 1346 visu

208 1386 315 1436 nostro
338 1370 423 1456 quasi
447 1375 553 1434 oentro
576 1382 684 1435 terrae.
709 1370 790 1434 Nibil
823 1389 899 1456 ergo
922 1369 1033 1445 diliert,
1055 1370 1130 1456 qui·

144 1485 148 1491 ·
208 1480 341 1545 eumque
364 1458 535 1523 intellectus
557 1459 595 1523 sit
618 1459 670 1544 qui
708 1458 747 1524 ad
785 1459 842 1524 Dei
881 1460 1031 1525 visionem
1068 1479 1129 1545 per

210 1549 315 1614 lumeit
350 1547 538 1634 praedittum
576 1547 722 1621 elevetur,
761 1561 864 1614 utrum
898 1567 1043 1614 summus
1079 1549 1131 1614 vel

211 1639 335 1702 inllmus
359 1636 405 1701 vel
429 1635 560 1700 medius.

279 1727 364 1801 ilem,
387 1725 485 1810 Supra
505 1723 672 1810 probatum
695 1738 741 1790 est
764 1729 805 1812 (o.
828 1725 872 1790 bd
905 1738 937 1791 et
955 1726 1015 1811 tto)
1040 1726 1131 1812 quod

213 1815 316 1882 omnia
340 1813 510 1878 intellectus
532 1814 711 1880 naturaliter
730 1813 884 1880 desiderat
906 1815 1026 1880 divinae
1053 1815 1132 1880 sua-

213 1905 341 1970 stantiae
362 1903 523 1966 visionem.
547 1901 690 1968 Naturale
713 1917 816 1969 autem
849 1903 1039 1970 desiderium
1058 1921 1130 1969 non

214 2001 313 2082 potest
335 1997 402 2056 ease
421 1991 525 2055 inane.
550 1990 686 2072 Quilibet
708 1992 801 2078 igitur
823 1992 993 2058 intellectus
1002 2005 1131 2058 oreatus

213 2095 312 2170 potest
334 2080 495 2168 pervenire
519 2080 558 2164 ad
586 2079 707 2150 divinae
744 2081 933 2147 substantiae
967 2083 1133 2160 visionem,

215 2191 276 2236 non
299 2169 487 2256 impediente
511 2167 709 2237 inferioritate
731 2183 871 2236 naturae.

279 2259 361 2324 lline'
379 2257 530 2322 [lominus
557 2257 741 2324 bominibus
779 2259 963 2346 ropromittit
996 2259 1132 2344 glorium

213 2348 412 2434 Angelorum:
435 2345 544 2424 Emisit,
569 2348 676 2432 lnquit,
700 2348 739 2412 de
777 2348 955 2414 bominibus
990 2349 1133 2434 inquens,

215 2440 293 2502 sieut
315 2437 425 2523 Anpali
448 2436 504 2501 Dei
525 2437 676 2514 iuaoelo,
692 2435 796 2502 llattb.
820 2437 874 2512 Ἢ,
889 2438 943 2516 50,
972 2451 1004 2503 et
1018 2437 1134 2502 eadem

214 2531 359 2591 mensura
377 2525 517 2594 'bominis
541 2541 571 2592 et
593 2525 700 2610 Angeli
719 2545 789 2591 esse
813 2527 1003 2612 perhibetur,
1038 2526 1134 2614 alpos.

216 2616 268 2694 tu;
306 2621 431 2702 p'ro‘pter
453 2614 537 2699 quod
564 2633 656 2700 saepe
679 2614 710 2678 in
731 2613 890 2702 Scriptura
912 2629 998 2682 saera
1020 2615 1133 2700 *Angeli

213 2707 245 2770 in
269 2703 367 2770 forma
391 2704 553 2768 bominum
575 2702 800 2782 deseribuntur,
824 2705 871 2770 vel
895 2705 925 2768 in
953 2719 1030 2780 toto,
1053 2705 1134 2768 sieut

214 2807 295 2880 patet
313 2793 356 2857 de
379 2791 502 2876 lingulis
525 2792 577 2878 qui
600 2805 807 2876 apparuerunt
830 2793 951 2858 librabo
968 2795 999 2858 in
1023 2793 1132 2858 simili-

215 2882 320 2955 tudine
345 2883 492 2957 tirorum,
508 2879 596 2957 Gen,
615 2882 667 2957 ld,
683 2881 729 2946 vel
746 2881 776 2945 in
792 2895 887 2968 parte,
902 2883 981 2947 siout
991 2896 1077 2970 patet
1092 2881 1133 2946 de
1213 2915 1214 2930 κ

214 2970 398 3036 animalibus
421 2969 460 3034 ile
483 2969 593 3055 quibus
616 2969 726 3034 dieitur
750 2970 833 3056 quod
859 2985 973 3037 montis
1000 2971 1133 3036 bominis

215 3065 305 3126 erum
324 3059 381 3124 *sub
398 3060 513 3143 penaio
535 3078 651 3137 eonem,
674 3058 792 3136 lineola,
806 3060 850 3138 ·l,
863 3059 903 3130 8.

281 3149 340 3214 P'et
363 3149 421 3214 lto‘e
455 3157 559 3217 eutem
595 3147 767 3214 exuluditur
804 3165 893 3214 error
926 3147 1134 3234 quorumdam

215 3239 267 3327 qui
290 3237 433 3303 dicebant
455 3237 538 3324 quod
562 3236 664 3302 anima
688 3236 1132 3323 bumana‚quautumoumque
1213 3235 1214 3244 ²

216 3327 362 3405 elevetur,
384 3333 447 3392 iton
479 3337 579 3412 potest
612 3325 651 3390 ad
685 3323 903 3412 aequalitatem
938 3327 1134 3415 superiorum

195 3415 427 3482 *intellectuum
447 3414 621 3500 pervenire.

271 3535 310 3604 (l)
329 3535 473 3606 sphaeram
491 3541 637 3588 ottonom...
659 3533 759 3590 Octava
776 3535 897 3606 'sphaera
918 3541 979 3594 'ulta
997 3543 1036 3592 'est
1064 3533 1136 3592 iliter

217 3615 348 3663 saltemus
365 3607 499 3677 sphaeras,
516 3607 544 3660 iu
561 3603 658 3677 quibus
674 3607 764 3662 stellae
781 3609 957 3667 eontinentur.
1020 3631 1024 3640 ·
