2494 3970
189 231 229 296 ld
509 251 581 302 ,na
605 250 645 296 ιιι.
670 248 733 296 ιιι.
757 247 799 293 ιιι.

187 332 332 408 appetere
355 319 483 399 bonum,
507 320 584 386 sieut
607 318 747 404 ejusdem
771 311 898 384 rationis
921 330 967 383 est
989 319 1108 385 moveri

187 407 375 475 adeorsum
399 410 451 496 (ι)
474 421 505 474 et
528 410 646 474 moveri
684 427 819 474 sursum.
857 403 970 472 Omnia
1005 423 1110 474 autem

187 500 386 564 inveniuntur
408 497 523 563 malum
549 496 668 582 lugere3
690 517 763 561 narn
787 497 908 580 agentia
942 515 998 583 per
1020 497 1110 562 intel·

187 587 301 652 lectum
325 588 383 653 hae
405 588 523 658 ratione
546 587 662 673 aliquid
685 584 806 670 lugiunt
835 588 907 670 quia
934 587 1108 672 apprehen-

186 677 264 741 dunt
287 675 362 741 illud
386 691 418 742 ut
442 675 570 755 malum,
594 675 699 742 omniu
726 688 828 740 autem
860 677 983 758 agentia
1021 690 1108 740 natu-

187 765 272 838 ralia,
296 781 447 852 quantum
472 765 587 830 liabent
610 765 650 829 de
673 765 795 837 virtute,
819 776 938 828 tanturn
964 764 1110 829 resistunt

186 855 385 941 corruptioni,
408 873 488 941 quae
511 867 557 919 est
579 854 696 920 malurn
720 851 970 940 uniuscujusque.
997 851 1110 918 Omnia

186 944 279 1028 igitur
303 958 397 1028 agunt
421 957 546 1030 propter
570 943 698 1010 bonum.
1090 977 1092 984 ·

251 1030 371 1109 Adhuc,
395 1032 487 1114 Quod
511 1032 653 1118 provenit
676 1051 714 1098 ex
749 1027 879 1116 alicujus
919 1031 1037 1114 agentis
1060 1049 1109 1096 no-

188 1123 272 1186 tione
296 1134 418 1207 praeter
441 1121 644 1186 intentionem
668 1120 774 1207 ipsius,
798 1119 910 1185 dieitur
932 1139 950 1184 a
973 1139 1046 1186 casu
1062 1119 1110 1185 tel

187 1210 309 1275 fortuna
331 1209 481 1276 accidere.
506 1210 653 1276 Videmus
676 1222 779 1276 autem
802 1210 834 1274 in
872 1208 1019 1295 operibus
1055 1229 1110 1273 na·

187 1313 274 1364 turae
297 1299 344 1364 vel
366 1319 490 1386 semper
513 1299 562 1365 vel
584 1297 777 1386 frequentius
800 1298 884 1384 quod
920 1297 1029 1364 melius
1053 1313 1110 1374 ost;

187 1388 265 1453 sieut
288 1387 319 1452 in
343 1387 453 1475 plantis
477 1385 549 1454 solia
573 1387 617 1454 sie
639 1406 707 1454 esse
730 1385 875 1474 disposita
892 1400 926 1452 ut
938 1385 1110 1473 produoant

187 1476 314 1555 fruetus,
337 1491 367 1541 et
391 1489 492 1564 partes
515 1477 697 1543 animalium
720 1475 764 1540 sio
787 1476 909 1563 disponi
933 1490 967 1541 ut
994 1477 1109 1542 animal

188 1565 297 1631 saltari
322 1568 427 1652 possit.
451 1564 484 1630 st
507 1587 582 1652 ergo
606 1567 683 1632 haee
720 1565 868 1630 eveniunt
902 1580 1024 1652 praeter
1062 1567 1111 1630 in·

188 1657 358 1720 tentionem
382 1654 529 1720 naturalis
566 1655 696 1740 agentis,
732 1655 792 1720 hoo
829 1655 888 1720 erit
926 1657 1112 1722 accidensa

187 1764 261 1809 oasu
284 1743 332 1808 vel
355 1742 488 1809 fortuna.
511 1744 574 1808 Sed
597 1747 656 1810 hoo
679 1756 725 1809 est
748 1743 948 1831 impossibile;
978 1765 1050 1810 nam
1074 1766 1113 1810 ea

187 1851 268 1919 quae
291 1831 433 1896 aooidunt
456 1853 581 1919 semper
604 1833 653 1899 vel
676 1831 854 1918 frequenter
880 1854 942 1900 non
966 1849 1038 1900 sunt
1059 1855 1112 1900 oa·

187 1920 284 1986 suulia
307 1940 408 2006 neque
432 1918 568 1998 fortuita,
590 1922 645 1988 sed
670 1941 766 2007 quae,
784 1922 928 1988 eooidunt
966 1923 998 1988 in
1036 1944 1113 2011 puu-

187 2010 322 2076 eioribus
346 2010 408 2095 (ι).
443 2009 588 2076 Naturale
611 2031 685 2096 orgo
722 2030 818 2096 agens
852 2011 984 2078 intendit
1018 2012 1113 2078 adid

187 2099 272 2185 qnod
295 2098 485 2178 merlinsen,
507 2113 537 2164 et
561 2100 658 2166 multo
693 2099 887 2168 manifestius
927 2100 1012 2188 quod
1051 2102 1116 2188 agit

188 2208 244 2274 per
264 2187 464 2254 intellectum.
489 2185 592 2254 Omne
614 2190 707 2275 igitur
730 2209 826 2282 agens
849 2191 980 2256 intendit
994 2191 1114 2257 bonum

187 2279 218 2342 in
242 2277 373 2362 agendo.

254 2365 340 2444 item,
363 2364 462 2431 Omne
485 2365 568 2453 quod
593 2381 736 2434 movetur
769 2367 892 2436 ducitur
930 2367 970 2434 ad
1006 2369 1109 2436 termi-

92 2467 97 2480 ·
190 2473 267 2520 nutu
291 2469 393 2521 motus
414 2475 432 2519 a
456 2469 600 2522 movente
623 2471 654 2522 et
691 2471 811 2542 agente.
849 2455 980 2546 Oportet
1018 2459 1113 2544 igitur

187 2561 316 2609 movens
339 2557 370 2609 et
405 2557 527 2610 motum
560 2546 599 2611 ad
637 2544 722 2612 idem
761 2548 889 2614 tendere
927 2547 1111 2633 inquantum

187 2645 339 2698 mouetur.
361 2632 453 2716 Quod
477 2647 581 2699 autern
605 2650 758 2715 movetur,
781 2657 853 2702 oum
887 2635 980 2702 sitin
1004 2649 1111 2724 poten·

189 2723 240 2800 tia,
262 2721 360 2812 tendit
382 2721 421 2786 ad
445 2737 560 2800 aetum,
582 2739 613 2789 et
637 2725 678 2790 ita
710 2724 749 2790 ad
784 2724 955 2813 perlectum
991 2740 1022 2791 et
1055 2725 1112 2791 bo·

186 2830 274 2889 num;
297 2831 352 2897 per
375 2823 496 2882 motum
518 2812 603 2878 enim
626 2813 688 2878 erit
710 2812 750 2880 de
773 2816 910 2901 potentia
942 2815 974 2880 in
997 2828 1112 2881 aetum.

186 2900 267 2985 Ergo
289 2915 320 2965 et
343 2920 472 2966 movens
495 2915 526 2966 et
549 2921 644 2987 agens
670 2922 794 2990 semper
832 2904 864 2970 in
903 2903 1059 2971 movendo
1083 2917 1115 2969 et

187 2987 309 3074 agendo
332 2989 464 3055 intendit
486 2991 617 3057 bouum.
1097 3012 1100 3018 ’

253 3077 331 3145 ilino
353 3092 399 3144 est
433 3079 517 3166 quod
541 3080 729 3168 philosophi,
764 3080 951 3148 definientes
985 3079 1116 3159 bonum,

241 3253 279 3320 (ι)
299 3255 321 3308 ιι
340 3257 468 3324 deorsum,
486 3258 504 3320 i,
522 3273 545 3310 o.
559 3259 593 3312 ab
611 3258 729 3314 inferiori
746 3260 812 3313 loeo.

242 3325 282 3394 (ι)
300 3325 382 3398 Saepe
400 3336 538 3382 occurrent
556 3330 583 3382 iu
601 3331 819 3402 praecedentibus
842 3331 917 3384 libris
943 3337 970 3384 et
1000 3330 1113 3384 inlerius

190 3412 243 3450 non
262 3399 342 3451 semel
359 3407 503 3452 ooourrunt
519 3402 621 3456 axioma
643 3403 695 3456 Vel·
718 3408 750 3455 ut
779 3405 809 3455 tn
835 3403 966 3472 plurilus,
995 3403 1115 3455 indioens

189 3485 258 3538 quae
275 3468 344 3522 liunt
361 3485 393 3522 ex
411 3472 556 3525 intentione
573 3475 683 3542 agentis,
702 3481 728 3528 et
746 3475 896 3545 oppositum
919 3473 965 3528 Vel
983 3490 1053 3544 roro,
1071 3487 1117 3526 ex·

190 3541 305 3609 primens
323 3556 391 3611 quae
409 3543 547 3598 casualiter
565 3543 642 3597 liunt.
