2516 3968
400 280 458 325 ιιι.
481 283 523 324 ιιι.
547 278 611 324 etv.
636 278 755 326 cxxxvi.
966 261 1032 328 tre

177 347 443 416 Considerandum
466 349 550 414 enirn
573 363 619 414 est
651 349 734 434 quod
773 346 833 414 alia
870 348 948 415 ratio
985 364 1031 417 est

111 437 254 504 habenda
273 440 304 504 in
320 438 368 504 bis
390 457 470 524 quae
492 437 532 501 ad
550 439 760 502 necessitatem
789 436 1030 524 uniuscujusque

110 528 245 594 leminis
267 528 431 614 pertinent,
453 539 545 610 atque
567 525 626 591 alia
649 527 681 590 in
704 527 751 592 bis
774 545 854 612 quae
876 527 1031 613 pertinent

110 616 149 682 ad
175 615 381 682 multitudinis
403 615 627 680 necessitatem.
650 615 685 680 ln
709 616 756 680 bis
778 616 862 679 enirn
885 635 966 702 quae
987 617 1027 681 ad

109 704 351 792 uniuscujusque
373 705 588 786 necessitatem
613 704 776 790 pertineat,
799 717 922 790 oportet
942 705 1026 790 quod

107 794 234 860 cuilibet
255 791 464 881 provideatur3
483 786 667 880 'ltuluamodi
689 806 793 857 autem
816 804 888 868 sunt
913 793 974 858 eibi
996 806 1028 860 et

108 896 199 968 potus
221 897 252 948 er
275 882 333 946 alia
356 901 440 970 quae
456 879 772 983 ¹api*'sustentationem
797 881 945 947 individui
959 901 1027 969 per-

105 975 225 1052 tinentp
240 973 322 1058 unde
345 967 558 1058 neeeea‘urn‘
576 983 623 1034 eat
646 971 730 1056 quod
752 969 880 1056 quilibet
902 971 972 1036 cibo
995 985 1027 1035 et

107 1073 305 1146 potentatur.
321 1059 356 1124 ln
369 983 615 1212 bisseffmquae
627 1060 797 1124 necessaria
809 1059 1025 1126 auntmultitu·

106 1149 183 1223 dini,
206 1169 268 1214 non
290 1161 410 1235 oportet
433 1153 484 1234 tp
498 1147 515 1211 d
529 1147 653 1212 cuilibet
666 1147 705 1212 de
719 1147 914 1213 multitudine
940 1149 1026 1214 attri-

106 1238 219 1303 buatur
241 1256 342 1324 neque
364 1238 462 1314 etiem·
480 1237 526 1300 est
549 1236 702 1321 possibile,
726 1251 809 1323 petet
831 1236 914 1302 eninr
927 1237 1023 1302 multa

102 1346 177 1394 esse
200 1327 370 1394 neccssaria
388 1324 583 1391 multitudini
609 1325 783 1402 bominum,
799 1337 831 1390 ut
842 1337 914 1390 sunt
929 1325 1027 1404 cibus,

106 1428 206 1502 pctus,
244 1415 484 1490 indumentum,
518 1413 630 1478 domus
669 1427 700 1478 et
744 1415 803 1478 alia
839 1413 1029 1500 hujusmodi,

103 1523 184 1590 quae
206 1503 398 1590 impossibile
418 1517 464 1568 est
487 1501 570 1588 quod
595 1521 650 1588 per
675 1523 772 1566 unurn
808 1518 1024 1589 procurentur;

103 1605 135 1658 et
157 1591 227 1658 ideo
250 1593 443 1657 diversorum
461 1603 583 1678 oportet
606 1611 673 1656 esse
697 1591 818 1656 divense
847 1590 961 1672 cilicia,
983 1597 1025 1658 si·

104 1693 155 1746 cttt
177 1681 269 1747 etiarn
294 1683 478 1767 incorpore
501 1680 619 1744 diversa
637 1679 776 1744 membra
801 1679 840 1744 ad
864 1693 949 1746 aetus
972 1701 1036 1746 ιιι·Ι

103 1769 258 1836 dinantur.
282 1769 362 1852 Quia
384 1771 483 1856 igitur
499 1769 743 1853 generationon
765 1781 811 1834 est
844 1767 884 1836 de
917 1787 1023 1836 neces·

103 1859 193 1924 sitate
206 1858 365 1936 individui,
379 1859 434 1924 sed
445 1857 484 1922 de
505 1859 685 1923 necessitate
699 1858 792 1923 totius
814 1857 939 1944 speciei,
955 1879 1020 1924 non
1111 1858 1116 1874 ²

105 1961 151 2012 est
185 1948 401 2014 necessarium.
415 1945 497 2034 quod
522 1967 631 2012 ontnes
666 1947 808 2012 homines
824 1947 942 2012 autibus
968 1967 1021 2033 ge·

103 2037 268 2102 iterationis
302 2036 507 2122 vacent,1‘tgsed
530 2037 657 2122 quidam
680 2036 719 2100 ab
743 2037 791 2101 bis
823 2037 941 2101 actibus
964 2037 1020 2104 ab·
1076 2034 1081 2047 “

102 2126 249 2191 atinentes
265 2123 331 2191 aliis
343 2121 456 2202 officiis
467 2125 692 2212 mancipentur,
715 2136 788 2212 puta
823 2125 950 2190 militiae
972 2126 1020 2192 vei

106 2213 368 2302 contemplationi.
456 2232 460 2241 ⁴

53 2293 64 2313 ⁵
173 2302 298 2389 Exque
322 2314 406 2390 patet
427 2300 539 2368 solutio
563 2299 603 2365 ad
626 2299 811 2366 secundum.
837 2299 879 2366 Er
916 2299 1019 2368 divina

106 2391 195 2458 enim
218 2391 408 2479 previdentia
432 2388 544 2456 dantur
567 2388 689 2453 bomini
712 2408 749 2454 ea
772 2409 851 2476 quae
874 2405 946 2456 sunt
968 2392 1022 2458 toti

103 2481 217 2568 speciei
240 2482 423 2558 necessarie
447 2498 504 2544 nec
522 2491 625 2543 umen
648 2489 769 2563 oportet
791 2479 876 2565 quod
892 2479 1023 2567 quilibet

106 2569 206 2636 borno
224 2567 361 2656 quolibet
382 2569 510 2634 illorum
529 2579 641 2644 utatur;
664 2565 734 2630 data
768 2581 815 2632 est
852 2569 936 2634 enim
966 2568 1022 2634 bo·

106 2657 182 2722 rnini
204 2658 352 2724 industria
375 2657 558 2723 aedificandi
571 2669 602 2722 et
624 2656 720 2738 virtue
743 2653 783 2720 ad
805 2655 1019 2742 pugnandum,

105 2765 164 2812 nee
180 2759 284 2812 tumen
307 2760 427 2834 oportet
449 2745 535 2832 quod
569 2763 678 2810 omnes
709 2744 770 2810 sint
804 2743 1016 2812 aedificatores

103 2847 157 2901 aut
191 2835 311 2901 milites.
346 2834 504 2913 Similiter,
541 2834 611 2899 licet
650 2833 688 2898 sit
722 2832 839 2898 bomini
872 2832 1017 2900 divinitus

105 2924 226 3010 provisa
248 2924 344 2990 virtus
362 2923 537 3010 generativa
560 2935 590 2988 et
610 2941 648 2990 ea
670 2941 759 3008 quae
773 2922 812 2986 ad
827 2935 930 2987 aetum
950 2919 1018 3009 ejus

104 3011 296 3091 ordinantur,
320 3033 382 3078 non
406 3027 511 3078 tamen
533 3025 654 3100 oportet
669 3011 753 3098 quod
777 3011 915 3099 qualibet
937 3016 1018 3078 actui

105 3103 312 3188 generationis
335 3101 480 3168 intendet.

173 3189 260 3256 Unde
283 3191 376 3257 etiam
399 3204 484 3278 patet
516 3187 628 3256 solutio
662 3187 703 3254 ad
726 3188 859 3254 tertium.
892 3187 939 3254 bb
974 3189 1021 3255 bis

106 3279 190 3346 enirn
214 3299 293 3368 quae
316 3293 387 3346 sunt
410 3279 581 3344 trecesaaria
608 3280 760 3365 quamvis,
794 3289 944 3364 quantum
982 3278 1021 3342 ad

107 3371 154 3434 sin
178 3367 256 3448 ulos,
274 3367 390 3434 melius
413 3369 453 3432 sit
470 3367 564 3454 evrod
584 3368 627 3431 ab
657 3367 702 3432 eis
725 3368 877 3433 abstineat
902 3367 954 3454 qui
977 3384 1023 3432 est

108 3389 288 3524 melioribus
310 3456 442 3537 deditus,
472 3475 534 3522 non
568 3469 675 3522 umen
706 3470 752 3522 est
784 3455 902 3522 bonurn
936 3457 1020 3542 quod

107 3567 219 3616 omnes
242 3547 424 3631 abstineant,
446 3545 525 3614 riou
546 3558 578 3614 et
600 3545 635 3614 iu
653 3545 763 3624 erdine
779 3543 1020 3635 universiappa·
