2452 3970
205 173 269 238 lld
502 177 559 234 tra.
585 171 624 236 nr.
647 191 711 237 etr.
735 191 801 238 xtrr.

268 257 357 325 Ratio
380 256 473 322 etiam
497 257 563 343 ejus
587 259 694 326 lrirola
718 273 764 325 est
787 259 924 326 omnino.
948 291 992 306 -
1015 257 1130 323 Primo

200 349 339 437 quidem,
365 345 436 433 quia
460 346 584 432 quando
609 348 765 436 perficitur
799 347 958 434 generatio
993 346 1130 432 alicujus

201 437 334 524 generis,
357 447 477 521 oportet
499 436 583 522 quod
607 439 783 523 perficiatur
805 436 872 522 ejus
895 437 1045 524 operatio,
1068 435 1130 500 sed

201 543 306 592 tamen
329 523 501 590 secundum
525 523 654 590 modum
678 527 724 592 sui
763 527 895 611 generis,
932 545 994 590 non
1019 537 1132 590 autern

201 614 374 682 secundum
400 612 528 678 modum
551 615 675 698 generis
701 615 832 691 altioris;
851 635 922 680 curn
947 615 1031 679 enim
1055 634 1131 700 per-

201 703 304 770 ficitur
326 701 484 788 generatio
506 703 595 777 aeris,
619 703 712 772 habet
737 704 970 789 generationem
1000 715 1031 768 et
1057 722 1131 766 mo·
1216 705 1217 780 ζ

201 807 269 858 tum
291 791 479 876 completum
503 811 636 871 sursum,
660 814 723 860 non
762 806 861 858 tamen
899 805 932 857 ut
966 805 1132 856 moveatur
1216 795 1217 860 l

203 885 241 946 ad
266 881 369 946 locum
394 877 484 963 ignis.
512 877 657 946 Similiter
694 894 807 960 autem,
845 901 917 946 cum
952 880 1132 967 completur

203 969 362 1056 generatio
397 967 569 1034 intellectus
604 971 634 1034 in
674 971 791 1048 habitu,
828 969 1036 1056 complebitur
1059 967 1129 1054 ejus

205 1057 354 1145 operatio,
377 1077 457 1144 quae
481 1069 527 1122 est
550 1057 732 1141 intelligere,
755 1059 929 1125 secundom
953 1079 1046 1125 suum
1058 1077 1128 1122 mo·

204 1147 291 1225 dum,
316 1159 505 1211 nouantem
529 1147 700 1212 seeundum
726 1147 853 1214 modum
876 1167 939 1232 quo
953 1147 1129 1230 intelligunt

205 1235 392 1301 substantiae
415 1247 584 1321 separatae,
610 1237 768 1302 ulscilieet
780 1235 930 1319 intelligat
942 1237 1128 1302 substantias

205 1337 372 1412 separatas.
395 1322 483 1388 Unde
506 1343 543 1388 err
565 1325 765 1409 generatione
788 1324 959 1390 intellectus
984 1326 1013 1388 in
1039 1323 1128 1389 habi·

207 1429 240 1479 tu
264 1435 326 1478 non
349 1427 449 1498 potest
471 1411 613 1478 concludi
634 1413 718 1501 quod
742 1415 836 1493 lrorqo
870 1413 1065 1499 quandoque
1080 1413 1132 1478 in·

209 1502 326 1586 telligat
364 1501 548 1566 substantias
587 1517 752 1589 separatas.
790 1538 835 1552 —-
864 1501 1019 1581 Secundo,
1057 1503 1130 1586 quia

208 1591 348 1676 ejusdem
373 1591 491 1654 virtutis
505 1603 550 1655 est
565 1591 830 1676 complementum
844 1592 1029 1676 operationis
1041 1591 1130 1674 cujus

209 1693 257 1746 est
291 1679 429 1766 operatio
463 1678 538 1765 ipsa.
573 1679 604 1742 Si
637 1681 730 1764 igitur
752 1679 922 1764 intelligere
945 1679 1131 1746 substantias

209 1781 364 1855 separatas
386 1767 424 1832 sit
447 1767 708 1852 complementum
740 1769 927 1855 operationis
958 1769 1132 1834 intellectus

210 1859 242 1921 in
266 1857 383 1934 babitu,
406 1857 544 1940 sequitur
568 1857 651 1942 quod
675 1856 847 1922 intellectus
869 1859 900 1922 in
917 1857 1022 1922 babitu
1039 1858 1132 1922 intcl·

209 1946 284 2030 ligat
306 1943 493 2031 quandoque
516 1944 700 2010 substantias
723 1960 889 2032 separatas,
904 1946 1132 2032 quodAleran-

168 2101 176 2118 .
211 2035 268 2098 der
290 2055 351 2098 non
388 2035 484 2119 ponit:
523 2048 704 2119 sequeretur
739 2035 826 2099 enim
846 2037 929 2121 quod
958 2035 1133 2120 intelligere

210 2122 395 2189 substantias
418 2136 574 2210 separatas
596 2125 789 2208 contingeret
819 2144 874 2209 per
896 2125 1038 2190 scientias
1061 2145 1133 2212 spe-

210 2212 366 2283 culativas.
394 2231 473 2298 quae
496 2211 554 2276 sub
577 2211 735 2278 intellectu
752 2212 782 2276 in
807 2212 912 2278 babitu
925 2213 1133 2299 comprehen-

211 2301 338 2366 duntur.
359 2335 403 2350 -
426 2299 542 2380 Tertio,
565 2301 638 2386 quia
661 2320 770 2365 eorum
794 2321 874 2386 quae
909 2303 1050 2386 generari
1087 2305 1133 2368 in-

211 2390 341 2476 cipiunt,
363 2389 536 2476 completur
559 2389 717 2474 generatio
752 2401 785 2454 ut
818 2389 849 2453 in
874 2389 1023 2476 pluribus,
1059 2411 1132 2456 eum
1216 2429 1217 2448 ι

212 2497 322 2543 omnes
344 2477 558 2563 generationes
580 2497 686 2542 rerum
709 2477 909 2544 sintacausis
922 2479 1133 2546 determinatis

212 2587 293 2653 quae
315 2581 546 2652 consequuntur
565 2564 695 2630 effeetus
717 2587 790 2632 suos
812 2567 866 2639 vel
882 2587 1006 2654 semper
1029 2569 1078 2633 vel
1099 2571 1133 2634 in

212 2656 323 2742 majori
346 2668 442 2742 parte.
466 2655 498 2718 Si
511 2653 601 2739 igitur
613 2653 652 2718 ad
665 2654 902 2741 completionem
926 2659 1133 2741 generationis

212 2745 350 2830 sequitur
373 2745 466 2809 etiam
478 2742 741 2828 complementum
754 2744 1022 2831 actionis,oportet
1037 2748 1131 2812 etiam
1216 2797 1217 2800 ,

212 2835 302 2919 quod¹
318 2833 455 2920 operatio
477 2831 629 2917 completa
652 2845 862 2917 consequatur
884 2853 920 2898 ea
944 2855 1024 2920 quae
1039 2855 1131 2921 gene·

213 2936 321 2987 rantur
344 2919 394 2984 vel
416 2940 540 3006 semper
566 2920 613 2984 rel
637 2920 667 2984 in
703 2921 812 3006 maj0ri
836 2935 932 3008 parte.
961 2924 1133 3008 lnrelligere

213 3023 317 3076 autem
329 3007 512 3074 substantias
523 3022 677 3095 separatas
694 3029 757 3074 nou
773 3025 1003 3096 consequuntur
1018 3013 1066 3102 (ii)
1079 3023 1133 3100 qul

214 3099 254 3164 ad
277 3097 509 3184 generationem
533 3098 704 3164 intellectus
717 3099 747 3162 in
761 3097 867 3164 babitu
882 3101 1016 3180 student,
1032 3121 1132 3188 neque

214 3191 247 3254 in
271 3185 410 3274 pluribus
433 3207 533 3273 neque
549 3207 682 3273 semper;
704 3186 876 3272 quinimmo
890 3189 992 3255 nullus
1015 3189 1132 3276 proles·

215 3298 268 3343 sus
291 3288 392 3340 estse
415 3275 454 3340 ad
477 3281 557 3340 banc
593 3275 812 3362 perlectionem
845 3280 1031 3362 pervenisse.
1065 3278 1131 3344 Non

214 3379 261 3432 est
284 3365 376 3450 igitur
398 3365 664 3452 complementum
690 3363 878 3453 operationis
901 3366 1073 3437 intellectus
1101 3370 1131 3446 in

216 3454 322 3521 habitu
345 3453 516 3540 intelligere
539 3452 724 3520 substantias
747 3466 913 3539 separatas.
