2462 3968
210 231 276 296 252
515 248 573 292 tra.
595 247 638 290 ιιι.
661 245 726 291 car.
749 243 854 289 annu.

277 316 426 403 Amplius,
448 316 489 382 Ea
515 335 596 402 quae
629 313 809 380 naturaliter
841 312 930 392 fiant,
967 327 1002 379 ut
1035 316 1140 404 pluri·

211 427 299 472 mum
321 407 374 492 (l)
396 419 479 470 recte
502 405 589 481 liunt,
612 417 721 469 natura
746 403 831 468 enirn
855 421 917 466 non
944 403 1052 470 delicit
1077 406 1138 470 nisi

212 497 243 560 in
267 495 471 582 paucioribus.
495 492 528 558 Si
552 493 644 577 igitur
667 493 763 558 homo
787 490 969 558 naturaliter
995 493 1139 580 eligeret,

212 598 246 649 ut
268 586 299 649 in
323 582 461 670 pluribus
484 583 649 648 electiones
672 580 740 666 ejus
775 594 879 645 essent
912 597 1028 658 rectae,
1051 583 1140 670 quod

213 685 295 760 patet
317 692 385 738 esse
407 671 528 736 lalsunr.
551 670 619 735 Non
641 671 734 755 igitur
756 669 853 734 homo
875 671 1062 737 naturaliter
1084 672 1140 736 eli·

213 763 267 846 git:
289 760 372 848 quod
394 772 552 846 oporteret
572 760 598 824 si
621 779 659 826 ex
693 759 828 845 impulsu
844 779 1012 848 corporum
1035 760 1140 827 caele-
1220 823 1221 840 ,

213 851 305 916 stiunt
328 850 468 934 eligeret.

280 938 365 1014 ltem,
389 937 429 1002 Ea
451 957 532 1023 quae
565 948 637 1001 sunt
673 934 813 1020 ejusden
835 938 950 1023 speciei
989 958 1054 1004 non
1094 937 1142 1004 di·

215 1026 426 1092 versificamur
449 1027 479 1092 in
503 1025 733 1111 operationibus
755 1027 959 1104 naturalibus,
982 1047 1067 1113 quae
1083 1048 1140 1093 na·

217 1129 316 1180 turam
338 1116 450 1201 speciei
473 1127 716 1198 consequuntur;
739 1114 824 1179 utrde
862 1117 965 1180 omnis
1000 1117 1140 1182 hirundo

215 1203 354 1268 similiter
377 1201 448 1268 lacit
470 1203 589 1280 nidum,
611 1215 642 1268 et
664 1205 766 1269 omnis
789 1203 884 1268 homo
922 1204 1068 1270 similiter
1090 1205 1140 1270 in-

217 1292 324 1376 telligit
347 1292 445 1379 prima
469 1291 630 1378 principia,
649 1311 729 1375 quae
751 1307 823 1356 sunt
848 1293 1029 1360 naturaliter
1053 1308 1139 1358 nota.

217 1380 329 1446 Electio
349 1394 453 1445 autern
476 1394 523 1445 est
545 1381 683 1465 operatio
706 1400 899 1466 consequens
914 1382 1053 1468 speeiem
1079 1383 1140 1448 lau·

218 1490 351 1534 marram.
375 1469 407 1533 Si
431 1469 523 1553 igitur
545 1468 641 1532 homo
675 1469 854 1534 naturaliter
880 1469 1019 1554 eligeret,
1041 1491 1142 1557 opor·

217 1572 296 1622 teret
318 1557 400 1644 qnod
422 1578 531 1623 omues
555 1556 696 1622 homines
719 1556 830 1624 eodem
853 1559 948 1624 modo
977 1560 1142 1643 eligerent,
1222 1547 1223 1566 ¹

215 1646 298 1734 quod
322 1659 404 1733 patet
427 1666 495 1712 esse
517 1644 640 1724 lalsum,
665 1660 728 1710 tarn
751 1645 783 1710 iu
806 1647 976 1712 moralibus
997 1669 1094 1734 quam
1108 1650 1142 1714 in

216 1735 435 1801 artificialibus.

281 1823 555 1902 tranaticum
578 1834 609 1887 et
631 1823 703 1889 vitia
725 1833 796 1889 suut
826 1823 1014 1890 electionum
1049 1826 1142 1912 prin-

215 1912 293 1998 cipia
317 1912 452 2000 propria;
474 1932 546 1978 narn
581 1911 733 1978 virtuosos
766 1926 796 1976 et
825 1913 952 1979 uitiosus
989 1912 1143 1980 dillerunt
1223 1911 1224 1956 Ὗ

215 2021 252 2065 ex
277 2001 336 2068 hoc
358 2001 441 2088 quod
464 2000 616 2066 contraria
640 2001 768 2086 eligunt.
795 1999 931 2066 Virtutes
953 2015 1055 2067 autem
1081 2023 1142 2089 po-

215 2089 315 2155 liticae
338 2103 369 2155 et
392 2090 462 2156 vitia
487 2110 550 2155 non
573 2104 646 2154 sunt
687 2090 777 2158 nobis
812 2103 975 2168 enatura,
1008 2090 1063 2157 setl
1101 2111 1143 2156 ex
1224 2089 1225 2094 ’

215 2179 423 2258 assuetudine,
447 2193 480 2244 ut
504 2179 613 2264 probat
648 2178 855 2265 Philosophus
893 2180 1031 2270 (lithic,
1052 2181 1087 2258 ἓ,
1112 2201 1143 2245 c.

217 2269 318 2358 l)ex
342 2270 402 2334 hoc
425 2267 519 2355 quod,
553 2266 660 2353 quales
693 2268 888 2353 operationes
922 2269 1143 2348 assuescimus,

216 2371 246 2421 et
270 2359 402 2423 maxime
425 2379 442 2422 a
466 2377 573 2444 puero,
604 2355 646 2448 ¹ad
680 2357 754 2422 tales
792 2356 932 2423 habitum
972 2357 1141 2424 habemns.

216 2446 296 2531 Ergo
320 2447 483 2512 electiones
523 2459 646 2531 nostrae
668 2465 731 2509 raon
754 2459 825 2512 suat
863 2446 953 2511 uobis
991 2467 1009 2511 a
1046 2461 1143 2512 natu-

215 2555 259 2600 ra.
294 2534 362 2600 Non
386 2554 459 2620 ergo
483 2546 650 2600 causantur
672 2553 710 2598 ea
734 2534 936 2619 impressione
969 2555 1142 2622 corporum

216 2623 405 2702 caelestium,
430 2622 602 2689 secundum
626 2642 720 2708 quarn
743 2642 794 2688 res
830 2623 1009 2690 naturaliter
1031 2644 1143 2711 proce·

216 2713 301 2780 dunt.

282 2802 400 2881 Adhuc,
437 2799 574 2888 Corpora
610 2799 753 2864 caelestia
770 2819 832 2864 non
871 2799 1052 2886 imprimunt
1090 2801 1142 2866 di·

216 2905 298 2958 recte
322 2892 379 2956 nisi
404 2891 435 2956 in
458 2910 600 2977 corpora,
617 2901 650 2953 ut
672 2901 831 2954 ostensum
856 2903 903 2954 est
925 2890 981 2976 (c.
1005 2890 1050 2956 Sl
1064 2889 1088 2976 ).
1108 2889 1143 2954 Si

216 2982 308 3067 igitur
337 2980 397 3045 sint
420 3000 511 3044 eausa
534 2977 719 3043 electionum
743 2989 929 3056 nostrarum,
958 2992 1012 3044 ant
1027 2979 1088 3045 hoo
1110 2999 1144 3045 e-

216 3074 254 3136 rit
277 3071 459 3156 inquantum
486 3068 666 3154 imprimunt
692 3067 724 3130 in
750 3085 880 3148 corpora
903 3069 1143 3147 nostra3autin-

216 3173 367 3245 quantum
382 3157 564 3244 imprimunt
580 3157 611 3220 in
625 3156 787 3220 exteriora.
803 3154 919 3222 Neutro
932 3170 1035 3223 autem
1047 3155 1143 3222 modo

216 3246 406 3314 sullieienter
429 3258 559 3332 possunt
584 3263 652 3310 esse
686 3264 779 3310 eausa
814 3243 971 3312 electionis
1009 3259 1144 3312 nostrae.
1224 3269 1225 3326 j

216 3335 284 3400 Non
308 3334 391 3400 enirn
415 3348 462 3400 est
496 3331 654 3399 sulliciens
693 3353 784 3398 causa
823 3349 947 3400 nostrae
985 3334 1143 3400 electionis
1224 3327 1225 3400 i

217 3424 299 3512 quod
324 3423 425 3512 aliqua
448 3421 620 3510 corporalia
637 3421 725 3488 nobis
748 3420 881 3488 exterius
898 3436 1143 3512 praesententur3

269 3527 307 3597 (l)
328 3527 361 3580 Ut
377 3529 531 3596 plurimum,
549 3529 568 3581 i.
587 3543 609 3579 e.
629 3527 704 3580 utin
729 3523 859 3596 pluribus.
