2494 3970
382 313 438 357 cru,
466 315 506 359 ru.
531 313 594 359 cir.
617 311 695 357 xxvi.
953 287 990 354 81

85 378 128 444 illa
157 381 291 466 operatio
325 381 442 447 dicetur
464 403 531 447 esse
555 381 623 447 finis
657 379 792 454 ultimus,
816 398 871 465 per
900 399 994 464 quarn

82 471 174 554 primo
189 472 385 556 consequitur
396 491 462 535 rem
474 473 569 548 illanr3
585 473 663 538 sicut
678 469 725 534 bis
737 468 848 553 quibus
865 470 994 556 pecunia

81 571 121 622 εει
140 557 209 623 finis
224 558 334 624 dicitur
356 562 448 624 etiam
472 560 630 648 possidere
653 557 815 645 pecuniam
840 557 909 622 linis
934 558 995 642 (l),

79 666 137 710 non
153 660 255 712 autern
279 668 384 713 amare
408 669 508 736 neque
532 649 759 733 concupiscere.
784 647 866 710 Finis
891 660 994 712 autem

79 734 199 801 ultirnus
216 737 402 802 substantiae
424 738 638 804 intellectualis
663 749 708 800 cst
724 735 818 800 Deus.
837 735 889 800 llle
903 736 995 820 igitur

78 826 210 909 operatio
234 827 368 892 bominis
391 841 436 892 est
469 826 711 892 substantialiter
745 823 811 908 ejus
836 825 994 890 beatitudo

78 913 121 976 rel
137 912 275 994 felicitas,
298 936 352 1002 per
369 935 462 1004 quarn
486 917 587 1002 primo
604 917 724 998 attingit
747 913 786 977 ad
802 913 912 978 Deunr.
930 914 994 978 lloc

77 1015 176 1067 autem
193 1016 239 1068 est
258 1005 441 1090 intelligere
465 1023 536 1070 narn
553 1005 631 1070 velle
655 1024 717 1067 non
734 1023 899 1088 possumus
912 1003 995 1088 quod

76 1109 136 1154 non
158 1091 367 1176 intelligimus.
392 1095 442 1158 Est
465 1095 556 1178 igitur
574 1093 679 1160 ultima
711 1089 836 1156 felicitas
862 1093 995 1156 bominis

75 1179 103 1242 in
120 1181 336 1264 cognoscendo
349 1183 450 1264 Deum
463 1201 519 1269 per
535 1182 723 1247 intellectum
747 1181 996 1258 substantialiter,

76 1281 104 1331 et
125 1289 187 1333 non
212 1270 243 1334 in
267 1285 336 1335 ectu
360 1272 531 1337 voluntatis.

135 1357 203 1422 lam
229 1359 399 1447 igitur,per
416 1381 452 1424 ea
469 1379 547 1446 quae
570 1359 649 1425 dicta
672 1373 754 1440 suut,
778 1371 858 1440 patet
881 1359 994 1424 solutio

73 1444 101 1508 in
123 1447 313 1512 contrarium
336 1449 538 1534 objectorum,

134 1534 203 1600 Non
227 1538 321 1614 enirn,
336 1538 361 1602 si
378 1537 503 1602 lelioitas
528 1555 582 1623 per
605 1536 664 1601 boc
680 1535 763 1621 quod
786 1535 881 1600 babet
905 1536 994 1600 ratio·
1036 1572 1039 1575 -

73 1641 140 1687 neni
165 1626 281 1688 summi
316 1626 388 1691 boni
413 1639 459 1690 est
481 1625 635 1711 objectum
660 1625 834 1700 voluntatis,
868 1637 999 1710 propter

73 1710 127 1776 boc
154 1733 282 1777 necesse
316 1728 361 1780 est
384 1715 468 1801 quod
491 1717 530 1779 sit
554 1715 791 1780 substantialiter
821 1715 886 1800 ipse
909 1725 996 1778 actus
1102 1787 1115 1798 ³

71 1801 245 1880 voluntatis,
269 1816 302 1866 ut
325 1805 424 1890 prirna
447 1807 525 1869 ratio
557 1803 753 1889 procedebat3
778 1804 851 1882 imo,
876 1821 913 1866 ex
936 1803 995 1866 boc

71 1894 134 1974 ipso
168 1890 254 1976 quod
277 1906 322 1956 est
345 1893 480 1979 primurn
516 1893 672 1977 objectum
697 1893 823 1979 (ejus),
856 1893 996 1977 sequitur

69 1979 149 2061 quod
171 1981 291 2044 nonsit
319 1996 406 2046 actus
430 1981 506 2066 ejus,
531 1995 564 2046 ut
586 2001 623 2046 ex
648 1982 735 2046 dictis
759 1995 894 2068 apparet.

132 2067 195 2132 Nec
219 2068 311 2134 etiem
336 2083 455 2156 oportet
479 2070 562 2156 quod
590 2091 683 2136 omne
706 2071 737 2135 id
762 2091 823 2155 quo
846 2089 895 2133 res
918 2088 995 2153 quo-

68 2173 199 2242 cumque
238 2158 332 2222 modo
367 2159 523 2245 perficitur
560 2159 597 2224 sit
636 2159 704 2224 linis
738 2160 819 2224 illius
840 2159 897 2232 rei,
919 2158 997 2220 sicut

68 2245 201 2310 secunda
219 2248 297 2312 ratio
314 2247 508 2332 procedebat.
526 2248 576 2312 Est
594 2249 676 2312 enim
713 2247 827 2333 aliquid
851 2244 995 2332 perfectio

67 2332 195 2419 alicujus
220 2333 393 2421 dupliciter:
417 2357 478 2402 uno
503 2343 607 2414 modo,
630 2351 662 2401 ut
678 2337 818 2401 habentis
840 2335 904 2421 jarn
925 2355 995 2420 spe-

67 2422 153 2501 ciern;
177 2422 238 2487 alio
272 2425 376 2504 niodo,
401 2441 432 2490 ut
455 2425 493 2490 ad
530 2426 665 2513 speciem
700 2425 885 2500 habendaru3
920 2425 998 2487 sicut

67 2509 212 2594 perfectio
228 2511 349 2592 domus,
371 2515 541 2579 secundnm
559 2514 719 2602 quodiam
745 2513 836 2578 babet
852 2512 997 2600 speciem,

67 2611 111 2663 est
133 2599 220 2664 idad
238 2603 321 2688 quod
344 2607 460 2688 species
477 2605 586 2668 donnus
610 2605 779 2678 ordinatur,
802 2601 915 2668 scilicet
943 2602 994 2665 ba·

68 2687 183 2755 bitatio:
220 2711 280 2754 non
305 2693 387 2756 enirn
423 2691 534 2758 dornus
569 2692 657 2757 lieret
688 2693 744 2756 nisi
769 2703 893 2778 propter
928 2690 999 2768 boc;
1105 2769 1110 2780 ῃ

68 2777 149 2841 unde
172 2791 203 2842 et
226 2778 257 2845 in
281 2779 459 2846 delinitione
495 2781 606 2846 domus
640 2793 761 2868 oportet
785 2780 842 2844 boc
865 2784 949 2865 poni,
972 2783 996 2844 si

71 2865 182 2930 debeat
220 2865 358 2933 definitio
388 2889 456 2934 esse
496 2869 638 2956 perlecta.
683 2867 833 2934 Perlectio
856 2889 929 2932 vero
958 2869 996 2932 ad

70 2954 205 3038 speeiem
221 2955 334 3021 domus
350 2970 396 3022 εει
412 2972 473 3022 tant
490 2958 520 3022 id
537 2961 620 3044 quod
637 2958 796 3023 ordinatur
808 2955 846 3020 ad
863 2958 997 3042 speciem

70 3045 328 3122 constituendam,
368 3049 446 3111 sicut
469 3047 617 3132 principia
655 3045 863 3110 substantialia
894 3047 999 3131 ipsius,

71 3150 164 3215 quarn
188 3132 218 3196 id
243 3134 325 3218 quod
352 3135 511 3200 ordinatur
533 3136 571 3198 ad
587 3137 698 3221 speciei
722 3132 999 3213 conservationem,

70 3220 148 3284 sicut
182 3223 381 3308 appodiaculs
407 3224 458 3309 td)
481 3244 560 3311 quae
583 3224 660 3288 liunt
683 3223 722 3288 ad
745 3225 997 3291 sustentationem

121 3355 161 3426 (1)
181 3357 286 3414 Dicitur
304 3363 384 3418 eliam
401 3361 532 3432 possidere
546 3353 684 3430 pecuniam
701 3362 772 3434 finis,
786 3362 802 3416 i.
822 3380 844 3418 ε.
864 3347 896 3413 τό
915 3369 997 3436 possi·

71 3446 132 3500 dere
152 3453 298 3518 pecuniam,
319 3466 370 3504 non
387 3458 477 3504 autern
496 3434 530 3498 td
550 3441 638 3504 arbace
657 3466 740 3522 neque
759 3436 792 3502 τὸ
815 3455 996 3523 concupiscere

73 3523 219 3588 pecuniam,
238 3521 336 3574 dicitnr
355 3521 423 3574 finis.
987 3556 990 3564 ·

124 3589 164 3658 (⁰2)
182 3593 372 3660 Appoda'uculo,
391 3595 407 3646 i.
428 3607 450 3645 e.
470 3593 636 3648 adminicula.

117 3659 150 3726 S.
181 3664 236 3728 Tlr.
264 3664 408 3730 Somrnoe
432 3665 513 3731 l’lul.
539 3666 573 3732 v.
597 3670 628 3732 ⁹2.
932 3666 952 3730 6
