2462 3968
312 255 367 300 ιιι.
392 253 432 298 ιιι.
456 253 518 299 car.
542 253 625 299 ιιιιιι.
651 254 685 298 ur
701 258 801 300 ιιιιι.
944 237 1006 302 ιιι

80 322 196 409 primis
222 324 331 389 creatis
355 323 513 409 usquead
537 323 642 388 infima
668 343 787 388 eorum.
811 325 955 407 Arguitur
978 346 1010 390 e-

79 412 157 476 tiam
185 413 294 498 opinio
324 411 530 499 quorumdam
570 414 621 499 qui
656 411 807 478 dicebant:
841 414 1012 498 Dereliqnit

78 501 243 566 Dominus
266 513 392 578 terrum,
415 512 445 566 rt
483 501 634 566 Dominus
667 521 728 566 non
764 501 854 579 uidet,
892 502 1011 578 Erech,

78 589 112 664 9,
136 590 171 668 93
197 603 240 654 et:
264 591 327 656 Nec
349 603 456 654 nostra
480 591 665 669 considerat,
688 603 718 656 et
750 591 833 656 circo
868 593 1012 656 cardines

79 681 163 742 caeli
186 678 406 763 perambulat,
423 678 491 752 tob,
515 680 569 754 m,
595 681 644 743 ιι.

150 767 218 832 Per
241 769 300 833 boc
323 783 424 832 autem
449 768 622 832 excluditur
660 767 764 853 opinio
803 768 1009 853 quorumdam

78 856 133 941 qui
160 856 312 922 dixerunt
333 857 416 942 quod
440 856 541 921 divina
578 857 768 944 providentia
804 875 867 920 nou
904 879 937 923 se
961 877 1012 922 ex-

80 945 189 1009 tendit
217 965 314 1030 usque
338 945 376 1009 ad
400 945 476 1010 baec
503 947 681 1029 singulariae
704 965 797 1029 quam
828 943 954 1031 quidem
979 967 1012 1012 o-

77 1033 247 1117 pinionem
271 1034 396 1120 quidam
420 1035 571 1099 Aristoteli
599 1035 772 1122 imponunt,
795 1034 865 1098 licet
881 1053 918 1100 ex
943 1055 1012 1100 ver·

79 1121 127 1186 bis
152 1122 229 1207 ejus
252 1123 358 1189 baberi
383 1143 452 1202 uon,
472 1124 576 1210 possit.

378 1244 401 1312 C
418 1246 439 1309 A
457 1245 479 1310 Ρ
497 1245 521 1310 U
537 1245 562 1310 T
592 1243 720 1312 LXXVl.

94 1351 191 1432 Quod
214 1351 413 1436 procidentia
436 1351 492 1416 Dei
515 1353 556 1417 sit
577 1351 782 1438 siupulnrium
805 1351 995 1416 immediate.

149 1473 291 1554 Quidam
315 1488 419 1538 autem
444 1487 662 1540 concesserunt
700 1472 923 1560 providentiam
962 1473 1008 1537 di-

81 1563 190 1626 uinum
218 1563 378 1648 usquead
419 1564 495 1628 baec
534 1563 698 1648 singularia
739 1562 917 1648 procedere,
954 1561 1008 1626 sod

82 1652 276 1736 quibusdam
302 1651 511 1719 mediantibus
535 1654 646 1717 causis.
669 1651 774 1716 Posuit
804 1654 886 1716 cuim
909 1650 1007 1728 Plato,

83 1753 115 1802 ut
140 1739 315 1823 Gregorius
340 1760 490 1827 nyssenus
513 1741 586 1806 dieit
619 1741 681 1827 (l),
722 1739 870 1824 triplicem
906 1741 1008 1826 provi-

84 1825 237 1893 dentiam.
262 1828 401 1910 Quarum
426 1831 523 1916 prima
548 1843 593 1895 est
616 1829 729 1896 summi
752 1829 820 1904 Dei,
843 1847 923 1914 quae
946 1829 1007 1915 pri·

84 1935 136 1981 mo
161 1934 193 1982 et
215 1917 424 2004 principaliter
446 1920 585 2006 providet
608 1919 748 2006 propriis,
784 1917 814 1981 id
837 1931 882 1982 est
907 1919 1008 1984 omui·

86 2003 143 2070 bus
168 2007 380 2094 spiritualibus
406 2022 436 2072 et
476 2007 745 2083 intellectualibus,
783 2021 1009 2092 consequenter

86 2097 243 2167 seroneti
269 2096 388 2160 mundo
411 2113 562 2182 quantum
585 2097 624 2160 ad
648 2115 761 2181 genera
785 2108 815 2158 et
837 2097 954 2180 specics
978 2111 1008 2160 et

86 2183 278 2249 universales
301 2204 418 2263 causas,
441 2207 520 2272 quae
543 2199 613 2250 suut
640 2204 769 2270 corpora
785 2183 937 2248 caelestia.
955 2184 1007 2250 Se·

86 2273 187 2337 cunda
213 2288 450 2359 coronetque
486 2275 663 2361 providetur
697 2272 903 2356 singularibus
942 2275 1007 2338 ani·

88 2361 219 2426 molium
247 2380 276 2424 et
301 2362 475 2447 plantarum
510 2378 540 2428 et
574 2383 682 2428 eorum
720 2360 944 2445 generabilium
979 2377 1009 2427 et

87 2449 346 2537 corruptibilium,
362 2466 511 2538 quantum
535 2451 574 2516 ad
597 2471 704 2515 eorum
736 2451 966 2534 generationem
979 2468 1010 2516 ct

88 2541 321 2626 corruptionem
337 2555 367 2604 et
383 2542 566 2606 mutationes
589 2541 674 2618 alias3
690 2559 783 2625 quam
797 2538 922 2624 quidem
940 2561 1009 2627 pro-

90 2626 257 2692 ridendam
297 2628 383 2694 Plato
406 2631 541 2695 attribuit
569 2630 626 2694 diis
665 2631 716 2714 qui
755 2629 875 2692 caelum
913 2649 1009 2694 circu·

89 2732 209 2795 menan
220 2718 394 2783 Aristoteles
408 2739 479 2784 vero
497 2716 548 2800 (de
563 2718 675 2782 Gener.
689 2732 719 2781 et
731 2715 882 2802 Corrupu,
895 2718 926 2794 ι,
938 2731 1008 2783 tert.

91 2821 204 2870 comm.
244 2807 315 2892 58)
349 2808 460 2872 horum
496 2808 673 2893 qualitatem
709 2805 846 2870 attribuit
882 2805 1008 2892 obliquo

91 2889 207 2959 circulo
232 2891 289 2976 (ι).
314 2895 449 2960 Tertiam
475 2915 547 2959 vero
563 2895 785 2982 providenciam
802 2894 887 2980 pouit
903 2913 1007 2959 rerum

91 2998 170 3064 qtrae
194 2985 232 3047 ad
257 2987 425 3048 bumauam
461 2985 553 3048 vitam
590 2985 754 3070 pertinent3
788 2983 1007 3068 quamquidem

91 3071 229 3137 attribuit
251 3074 436 3161 quibusdam
463 3072 667 3137 daemonibus
690 3073 770 3136 circa
810 3085 923 3136 terram
947 3075 1008 3136 exi·

91 3162 250 3236 stantibus,
273 3164 336 3248 qui,
359 3163 531 3228 secuudum
551 3163 663 3247 ipsum,
686 3160 891 3225 humanarum
915 3165 1007 3226 actio·

91 3263 163 3312 num
187 3265 258 3316 suut
279 3251 432 3317 custodes.
455 3251 516 3316 Sed
550 3265 663 3329 tamen,
698 3248 869 3315 secuudum
905 3249 1006 3315 Plato-

91 3349 172 3413 nem,
195 3340 329 3405 seeuuda
353 3354 383 3405 et
406 3341 493 3405 tertia
518 3339 706 3424 providentis
731 3359 747 3404 a
773 3339 871 3424 prima
888 3338 1003 3426 depen-

140 3458 181 3532 (ll
201 3460 243 3518 De
259 3464 365 3534 philos,
384 3464 401 3516 l.
420 3462 446 3532 8,
465 3479 487 3516 c.
505 3461 533 3520 3.

141 3533 180 3604 ιι)
201 3533 310 3606 Obliqno
326 3536 458 3603 circuiet,
477 3536 495 3592 i.
513 3551 536 3592 a.
554 3534 668 3591 zodiaco.
