<?xml version="1.0" encoding="UTF-8"?>
<!DOCTYPE html PUBLIC "-//W3C//DTD XHTML 1.0 Transitional//EN"
    "http://www.w3.org/TR/xhtml1/DTD/xhtml1-transitional.dtd">
<html xmlns="http://www.w3.org/1999/xhtml" xml:lang="en" lang="en">
 <head>
  <title>
</title>
<meta http-equiv="Content-Type" content="text/html;charset=utf-8" />
  <meta name='ocr-system' content='tesseract 3.04.00' />
  <meta name='ocr-capabilities' content='ocr_page ocr_carea ocr_par ocr_line ocrx_word'/>
</head>
<body>
  <div class='ocr_page' id='page_1' title='image "./sanctithomaeaqu00thomgoog_0479.png"; bbox 0 0 2516 3968; ppageno 0'>
   <div class='ocr_carea' id='block_1_1' title="bbox 200 224 1124 752">
    <p class='ocr_par' dir='ltr' id='par_1_1' title="bbox 204 224 818 292">
     <span class='ocr_line' id='line_1_1' title="bbox 204 224 818 292; baseline -0.007 0"><span class='ocrx_word' id='word_1_1' title='bbox 204 224 269 292; x_wconf 71' lang='lat' dir='ltr'><strong>m</strong></span> <span class='ocrx_word' id='word_1_2' title='bbox 520 240 818 288; x_wconf 63' lang='lat' dir='ltr'><strong>mmmm</strong></span> 
     </span>
    </p>

    <p class='ocr_par' dir='ltr' id='par_1_2' title="bbox 200 306 1124 752">
     <span class='ocr_line' id='line_1_2' title="bbox 201 306 1123 396; baseline -0.007 -17"><span class='ocrx_word' id='word_1_3' title='bbox 201 310 401 380; x_wconf 76' lang='lat' dir='ltr'><strong>immobiliter</strong></span> <span class='ocrx_word' id='word_1_4' title='bbox 422 329 457 377; x_wconf 87' lang='lat' dir='ltr'><strong>se</strong></span> <span class='ocrx_word' id='word_1_5' title='bbox 485 309 608 376; x_wconf 86' lang='lat' dir='ltr'><strong>babeat.</strong></span> <span class='ocrx_word' id='word_1_6' title='bbox 645 311 708 376; x_wconf 89' lang='lat' dir='ltr'><strong>lloc</strong></span> <span class='ocrx_word' id='word_1_7' title='bbox 745 325 850 378; x_wconf 86' lang='lat' dir='ltr'><strong>eutem</strong></span> <span class='ocrx_word' id='word_1_8' title='bbox 883 308 1046 396; x_wconf 78' lang='lat' dir='ltr'><strong>requiritur</strong></span> <span class='ocrx_word' id='word_1_9' title='bbox 1083 306 1123 374; x_wconf 89' lang='lat' dir='ltr'><strong>ad</strong></span> 
     </span>
     <span class='ocr_line' id='line_1_3' title="bbox 200 397 1123 490; baseline -0.008 -21"><span class='ocrx_word' id='word_1_10' title='bbox 200 401 472 490; x_wconf 84' lang='lat' dir='ltr'><strong>perseverantiam,</strong></span> <span class='ocrx_word' id='word_1_11' title='bbox 497 413 530 466; x_wconf 94' lang='lat' dir='ltr'><strong>ut</strong></span> <span class='ocrx_word' id='word_1_12' title='bbox 552 400 666 466; x_wconf 87' lang='lat' dir='ltr'><strong>scilicet</strong></span> <span class='ocrx_word' id='word_1_13' title='bbox 687 399 829 466; x_wconf 81' lang='lat' dir='ltr'><strong>uoluntas</strong></span> <span class='ocrx_word' id='word_1_14' title='bbox 852 399 883 464; x_wconf 94' lang='lat' dir='ltr'><strong>in</strong></span> <span class='ocrx_word' id='word_1_15' title='bbox 907 398 986 465; x_wconf 89' lang='lat' dir='ltr'><strong>bono</strong></span> <span class='ocrx_word' id='word_1_16' title='bbox 1009 397 1123 464; x_wconf 89' lang='lat' dir='ltr'><strong>immn-</strong></span> 
     </span>
     <span class='ocr_line' id='line_1_4' title="bbox 200 485 1123 577; baseline -0.009 -20"><span class='ocrx_word' id='word_1_17' title='bbox 200 491 305 557; x_wconf 89' lang='lat' dir='ltr'><strong>biliter</strong></span> <span class='ocrx_word' id='word_1_18' title='bbox 328 501 516 577; x_wconf 86' lang='lat' dir='ltr'><strong>permaneat.</strong></span> <span class='ocrx_word' id='word_1_19' title='bbox 534 489 764 554; x_wconf 71' lang='lat' dir='ltr'><strong>perseverantia</strong></span> <span class='ocrx_word' id='word_1_20' title='bbox 794 489 887 573; x_wconf 81' lang='lat' dir='ltr'><strong>igitur</strong></span> <span class='ocrx_word' id='word_1_21' title='bbox 922 507 985 552; x_wconf 88' lang='lat' dir='ltr'><strong>nnn</strong></span> <span class='ocrx_word' id='word_1_22' title='bbox 1007 501 1053 554; x_wconf 91' lang='lat' dir='ltr'><strong>est</strong></span> <span class='ocrx_word' id='word_1_23' title='bbox 1090 485 1123 550; x_wconf 93' lang='lat' dir='ltr'><strong>in</strong></span> 
     </span>
     <span class='ocr_line' id='line_1_5' title="bbox 200 573 1124 668; baseline -0.006 -22"><span class='ocrx_word' id='word_1_24' title='bbox 200 592 352 668; x_wconf 74' lang='lat' dir='ltr'><strong>potestate</strong></span> <span class='ocrx_word' id='word_1_25' title='bbox 374 578 461 643; x_wconf 88' lang='lat' dir='ltr'><strong>liberi</strong></span> <span class='ocrx_word' id='word_1_26' title='bbox 485 578 611 644; x_wconf 87' lang='lat' dir='ltr'><strong>arbitrii.</strong></span> <span class='ocrx_word' id='word_1_27' title='bbox 636 575 764 663; x_wconf 83' lang='lat' dir='ltr'><strong>Oportet</strong></span> <span class='ocrx_word' id='word_1_28' title='bbox 802 577 895 662; x_wconf 77' lang='lat' dir='ltr'><strong>igitur</strong></span> <span class='ocrx_word' id='word_1_29' title='bbox 928 575 1036 642; x_wconf 86' lang='lat' dir='ltr'><strong>adesse</strong></span> <span class='ocrx_word' id='word_1_30' title='bbox 1068 573 1124 640; x_wconf 91' lang='lat' dir='ltr'><strong>ho·</strong></span> 
     </span>
     <span class='ocr_line' id='line_1_6' title="bbox 201 665 1124 752; baseline -0.007 -18"><span class='ocrx_word' id='word_1_31' title='bbox 201 670 278 735; x_wconf 92' lang='lat' dir='ltr'><strong>mini</strong></span> <span class='ocrx_word' id='word_1_32' title='bbox 303 667 450 734; x_wconf 83' lang='lat' dir='ltr'><strong>auxilium</strong></span> <span class='ocrx_word' id='word_1_33' title='bbox 463 665 584 732; x_wconf 88' lang='lat' dir='ltr'><strong>divinae</strong></span> <span class='ocrx_word' id='word_1_34' title='bbox 597 669 713 751; x_wconf 79' lang='lat' dir='ltr'><strong>gratiae</strong></span> <span class='ocrx_word' id='word_1_35' title='bbox 743 666 858 732; x_wconf 90' lang='lat' dir='ltr'><strong>adhoc</strong></span> <span class='ocrx_word' id='word_1_36' title='bbox 877 678 910 732; x_wconf 89' lang='lat' dir='ltr'><strong>ut</strong></span> <span class='ocrx_word' id='word_1_37' title='bbox 940 675 1124 752; x_wconf 82' lang='lat' dir='ltr'><strong>perseveret.</strong></span> 
     </span>
    </p>
   </div>
   <div class='ocr_carea' id='block_1_2' title="bbox 269 753 1237 841">
    <p class='ocr_par' dir='ltr' id='par_1_3' title="bbox 269 753 1237 841">
     <span class='ocr_line' id='line_1_7' title="bbox 269 753 1237 841; baseline -0.003 -18"><span class='ocrx_word' id='word_1_38' title='bbox 269 757 442 835; x_wconf 88' lang='lat' dir='ltr'><strong>Praeterea,</strong></span> <span class='ocrx_word' id='word_1_39' title='bbox 465 755 496 820; x_wconf 87' lang='lat' dir='ltr'><strong>Si</strong></span> <span class='ocrx_word' id='word_1_40' title='bbox 519 767 590 820; x_wconf 91' lang='lat' dir='ltr'><strong>sunt</strong></span> <span class='ocrx_word' id='word_1_41' title='bbox 614 755 701 840; x_wconf 86' lang='lat' dir='ltr'><strong>plura</strong></span> <span class='ocrx_word' id='word_1_42' title='bbox 718 756 838 841; x_wconf 78' lang='lat' dir='ltr'><strong>agentia</strong></span> <span class='ocrx_word' id='word_1_43' title='bbox 850 753 1034 834; x_wconf 88' lang='lat' dir='ltr'><strong>successive,</strong></span> <span class='ocrx_word' id='word_1_44' title='bbox 1050 773 1124 840; x_wconf 92' lang='lat' dir='ltr'><strong>quo·</strong></span> <span class='ocrx_word' id='word_1_45' title='bbox 1236 823 1237 828; x_wconf 60' lang='grc'>,</span> 
     </span>
    </p>
   </div>
   <div class='ocr_carea' id='block_1_3' title="bbox 202 843 1126 1196">
    <p class='ocr_par' dir='ltr' id='par_1_4' title="bbox 202 843 1126 1196">
     <span class='ocr_line' id='line_1_8' title="bbox 202 843 1126 930; baseline -0.004 -18"><span class='ocrx_word' id='word_1_46' title='bbox 202 867 273 913; x_wconf 90' lang='lat' dir='ltr'><strong>rum</strong></span> <span class='ocrx_word' id='word_1_47' title='bbox 296 845 413 912; x_wconf 88' lang='lat' dir='ltr'><strong>scilicet</strong></span> <span class='ocrx_word' id='word_1_48' title='bbox 434 865 532 909; x_wconf 91' lang='lat' dir='ltr'><strong>unum</strong></span> <span class='ocrx_word' id='word_1_49' title='bbox 556 857 626 928; x_wconf 77' lang='lat' dir='ltr'><strong>agat</strong></span> <span class='ocrx_word' id='word_1_50' title='bbox 639 857 707 930; x_wconf 90' lang='lat' dir='ltr'><strong>post</strong></span> <span class='ocrx_word' id='word_1_51' title='bbox 728 845 881 910; x_wconf 88' lang='lat' dir='ltr'><strong>actionem</strong></span> <span class='ocrx_word' id='word_1_52' title='bbox 906 843 1126 923; x_wconf 91' lang='lat' dir='ltr'><strong>alterius‚con·</strong></span> 
     </span>
     <span class='ocr_line' id='line_1_9' title="bbox 203 930 1126 1020; baseline -0.005 -19"><span class='ocrx_word' id='word_1_53' title='bbox 203 935 326 1000; x_wconf 86' lang='lat' dir='ltr'><strong>tinnites</strong></span> <span class='ocrx_word' id='word_1_54' title='bbox 349 933 477 999; x_wconf 90' lang='lat' dir='ltr'><strong>aetionis</strong></span> <span class='ocrx_word' id='word_1_55' title='bbox 499 933 628 998; x_wconf 89' lang='lat' dir='ltr'><strong>istorum</strong></span> <span class='ocrx_word' id='word_1_56' title='bbox 652 954 715 998; x_wconf 91' lang='lat' dir='ltr'><strong>non</strong></span> <span class='ocrx_word' id='word_1_57' title='bbox 738 945 837 1020; x_wconf 92' lang='lat' dir='ltr'><strong>potest</strong></span> <span class='ocrx_word' id='word_1_58' title='bbox 858 932 979 999; x_wconf 88' lang='lat' dir='ltr'><strong>causari</strong></span> <span class='ocrx_word' id='word_1_59' title='bbox 1015 953 1052 1000; x_wconf 85' lang='lat' dir='ltr'><strong>ex</strong></span> <span class='ocrx_word' id='word_1_60' title='bbox 1075 930 1126 996; x_wconf 89' lang='lat' dir='ltr'><strong>ali·</strong></span> 
     </span>
     <span class='ocr_line' id='line_1_10' title="bbox 203 1020 1126 1110; baseline -0.004 -22"><span class='ocrx_word' id='word_1_61' title='bbox 203 1044 266 1110; x_wconf 93' lang='lat' dir='ltr'><strong>quo</strong></span> <span class='ocrx_word' id='word_1_62' title='bbox 291 1043 353 1089; x_wconf 85' lang='lat' dir='ltr'><strong>uuo</strong></span> <span class='ocrx_word' id='word_1_63' title='bbox 376 1022 515 1101; x_wconf 87' lang='lat' dir='ltr'><strong>istorum,</strong></span> <span class='ocrx_word' id='word_1_64' title='bbox 538 1021 751 1108; x_wconf 90' lang='lat' dir='ltr'><strong>quianullum</strong></span> <span class='ocrx_word' id='word_1_65' title='bbox 775 1042 884 1090; x_wconf 90' lang='lat' dir='ltr'><strong>eorum</strong></span> <span class='ocrx_word' id='word_1_66' title='bbox 906 1041 1034 1110; x_wconf 85' lang='lat' dir='ltr'><strong>semper</strong></span> <span class='ocrx_word' id='word_1_67' title='bbox 1056 1020 1126 1106; x_wconf 72' lang='lat' dir='ltr'><strong>agiu</strong></span> 
     </span>
     <span class='ocr_line' id='line_1_11' title="bbox 202 1110 1126 1196; baseline -0.002 -18"><span class='ocrx_word' id='word_1_68' title='bbox 202 1132 263 1178; x_wconf 89' lang='lat' dir='ltr'><strong>nec</strong></span> <span class='ocrx_word' id='word_1_69' title='bbox 283 1132 321 1177; x_wconf 83' lang='lat' dir='ltr'><strong>eu</strong></span> <span class='ocrx_word' id='word_1_70' title='bbox 344 1112 497 1189; x_wconf 87' lang='lat' dir='ltr'><strong>omnibns,</strong></span> <span class='ocrx_word' id='word_1_71' title='bbox 520 1110 591 1196; x_wconf 81' lang='lat' dir='ltr'><strong>quia</strong></span> <span class='ocrx_word' id='word_1_72' title='bbox 615 1131 680 1176; x_wconf 91' lang='lat' dir='ltr'><strong>non</strong></span> <span class='ocrx_word' id='word_1_73' title='bbox 701 1110 792 1176; x_wconf 89' lang='lat' dir='ltr'><strong>simul</strong></span> <span class='ocrx_word' id='word_1_74' title='bbox 830 1123 934 1195; x_wconf 79' lang='lat' dir='ltr'><strong>egunt;</strong></span> <span class='ocrx_word' id='word_1_75' title='bbox 975 1110 1062 1178; x_wconf 87' lang='lat' dir='ltr'><strong>unde</strong></span> <span class='ocrx_word' id='word_1_76' title='bbox 1092 1129 1126 1176; x_wconf 93' lang='lat' dir='ltr'><strong>o·</strong></span> 
     </span>
    </p>
   </div>
   <div class='ocr_carea' id='block_1_4' title="bbox 202 1199 1238 1376">
    <p class='ocr_par' dir='ltr' id='par_1_5' title="bbox 202 1199 1238 1376">
     <span class='ocr_line' id='line_1_12' title="bbox 202 1199 1238 1288; baseline -0.002 -22"><span class='ocrx_word' id='word_1_77' title='bbox 202 1213 303 1288; x_wconf 91' lang='lat' dir='ltr'><strong>portet</strong></span> <span class='ocrx_word' id='word_1_78' title='bbox 325 1200 409 1286; x_wconf 87' lang='lat' dir='ltr'><strong>quod</strong></span> <span class='ocrx_word' id='word_1_79' title='bbox 432 1213 575 1265; x_wconf 83' lang='lat' dir='ltr'><strong>causetur</strong></span> <span class='ocrx_word' id='word_1_80' title='bbox 598 1199 637 1264; x_wconf 90' lang='lat' dir='ltr'><strong>ab</strong></span> <span class='ocrx_word' id='word_1_81' title='bbox 660 1199 763 1286; x_wconf 89' lang='lat' dir='ltr'><strong>aliquo</strong></span> <span class='ocrx_word' id='word_1_82' title='bbox 779 1200 928 1286; x_wconf 90' lang='lat' dir='ltr'><strong>superiori</strong></span> <span class='ocrx_word' id='word_1_83' title='bbox 940 1199 1029 1285; x_wconf 90' lang='lat' dir='ltr'><strong>quod</strong></span> <span class='ocrx_word' id='word_1_84' title='bbox 1045 1219 1125 1265; x_wconf 90' lang='lat' dir='ltr'><strong>sem·</strong></span> <span class='ocrx_word' id='word_1_85' title='bbox 1237 1206 1238 1264; x_wconf 76' lang='lat' dir='ltr'><strong>l</strong></span> 
     </span>
     <span class='ocr_line' id='line_1_13' title="bbox 202 1286 1238 1376; baseline -0.003 -21"><span class='ocrx_word' id='word_1_86' title='bbox 202 1310 259 1376; x_wconf 88' lang='lat' dir='ltr'><strong>per</strong></span> <span class='ocrx_word' id='word_1_87' title='bbox 281 1302 361 1375; x_wconf 81' lang='lat' dir='ltr'><strong>agat,</strong></span> <span class='ocrx_word' id='word_1_88' title='bbox 390 1289 467 1354; x_wconf 90' lang='lat' dir='ltr'><strong>sicut</strong></span> <span class='ocrx_word' id='word_1_89' title='bbox 505 1287 710 1374; x_wconf 83' lang='lat' dir='ltr'><strong>Philosophus</strong></span> <span class='ocrx_word' id='word_1_90' title='bbox 749 1289 858 1374; x_wconf 90' lang='lat' dir='ltr'><strong>probat</strong></span> <span class='ocrx_word' id='word_1_91' title='bbox 894 1288 1057 1375; x_wconf 81' lang='lat' dir='ltr'><strong>(Physic,</strong></span> <span class='ocrx_word' id='word_1_92' title='bbox 1094 1286 1125 1366; x_wconf 85' lang='lat'><strong>8,</strong></span> <span class='ocrx_word' id='word_1_93' title='bbox 1237 1321 1238 1324; x_wconf 34' lang='lat'>¹</span> 
     </span>
    </p>
   </div>
   <div class='ocr_carea' id='block_1_5' title="bbox 197 1375 1128 3147">
    <p class='ocr_par' dir='ltr' id='par_1_6' title="bbox 200 1375 1128 2528">
     <span class='ocr_line' id='line_1_14' title="bbox 201 1375 1126 1462; baseline -0.002 -18"><span class='ocrx_word' id='word_1_94' title='bbox 201 1391 275 1444; x_wconf 82' lang='lat' dir='ltr'><strong>text.</strong></span> <span class='ocrx_word' id='word_1_95' title='bbox 298 1397 410 1442; x_wconf 88' lang='lat' dir='ltr'><strong>comm.</strong></span> <span class='ocrx_word' id='word_1_96' title='bbox 435 1377 476 1442; x_wconf 86' lang='lat' dir='ltr'><strong>t9</strong></span> <span class='ocrx_word' id='word_1_97' title='bbox 499 1390 529 1441; x_wconf 89' lang='lat' dir='ltr'><strong>et</strong></span> <span class='ocrx_word' id='word_1_98' title='bbox 554 1375 661 1460; x_wconf 84' lang='lat' dir='ltr'><strong>inira)</strong></span> <span class='ocrx_word' id='word_1_99' title='bbox 685 1377 768 1462; x_wconf 93' lang='lat' dir='ltr'><strong>quod</strong></span> <span class='ocrx_word' id='word_1_100' title='bbox 807 1377 993 1444; x_wconf 82' lang='lat' dir='ltr'><strong>continuitas</strong></span> <span class='ocrx_word' id='word_1_101' title='bbox 1032 1395 1126 1462; x_wconf 79' lang='lat' dir='ltr'><strong>gene·</strong></span> 
     </span>
     <span class='ocr_line' id='line_1_15' title="bbox 202 1465 1128 1553; baseline -0.002 -21"><span class='ocrx_word' id='word_1_102' title='bbox 202 1467 330 1532; x_wconf 89' lang='lat' dir='ltr'><strong>rationis</strong></span> <span class='ocrx_word' id='word_1_103' title='bbox 353 1465 587 1531; x_wconf 83' lang='lat' dir='ltr'><strong>inanimalibus</strong></span> <span class='ocrx_word' id='word_1_104' title='bbox 609 1479 753 1530; x_wconf 89' lang='lat' dir='ltr'><strong>causatur</strong></span> <span class='ocrx_word' id='word_1_105' title='bbox 775 1465 814 1530; x_wconf 89' lang='lat' dir='ltr'><strong>ab</strong></span> <span class='ocrx_word' id='word_1_106' title='bbox 837 1466 939 1553; x_wconf 93' lang='lat' dir='ltr'><strong>aliquo</strong></span> <span class='ocrx_word' id='word_1_107' title='bbox 974 1465 1128 1553; x_wconf 88' lang='lat' dir='ltr'><strong>superiori</strong></span> 
     </span>
     <span class='ocr_line' id='line_1_16' title="bbox 201 1554 1126 1642; baseline -0.001 -21"><span class='ocrx_word' id='word_1_108' title='bbox 201 1555 400 1642; x_wconf 86' lang='lat' dir='ltr'><strong>sempiterno.</strong></span> <span class='ocrx_word' id='word_1_109' title='bbox 424 1555 579 1620; x_wconf 86' lang='lat' dir='ltr'><strong>Ponamus</strong></span> <span class='ocrx_word' id='word_1_110' title='bbox 602 1568 706 1619; x_wconf 86' lang='lat' dir='ltr'><strong>autem</strong></span> <span class='ocrx_word' id='word_1_111' title='bbox 723 1554 858 1639; x_wconf 89' lang='lat' dir='ltr'><strong>aliquem</strong></span> <span class='ocrx_word' id='word_1_112' title='bbox 876 1568 1126 1640; x_wconf 86' lang='lat' dir='ltr'><strong>perseverantem</strong></span> 
     </span>
     <span class='ocr_line' id='line_1_17' title="bbox 202 1643 1128 1728; baseline -0.001 -19"><span class='ocrx_word' id='word_1_113' title='bbox 202 1644 234 1709; x_wconf 91' lang='lat' dir='ltr'><strong>in</strong></span> <span class='ocrx_word' id='word_1_114' title='bbox 259 1645 351 1710; x_wconf 90' lang='lat' dir='ltr'><strong>bono.</strong></span> <span class='ocrx_word' id='word_1_115' title='bbox 376 1643 409 1708; x_wconf 94' lang='lat' dir='ltr'><strong>ln</strong></span> <span class='ocrx_word' id='word_1_116' title='bbox 433 1664 469 1708; x_wconf 88' lang='lat' dir='ltr'><strong>eo</strong></span> <span class='ocrx_word' id='word_1_117' title='bbox 492 1643 585 1728; x_wconf 71' lang='lat' dir='ltr'><strong>igitur</strong></span> <span class='ocrx_word' id='word_1_118' title='bbox 607 1655 678 1708; x_wconf 88' lang='lat' dir='ltr'><strong>sunt</strong></span> <span class='ocrx_word' id='word_1_119' title='bbox 701 1643 788 1708; x_wconf 89' lang='lat' dir='ltr'><strong>multi</strong></span> <span class='ocrx_word' id='word_1_120' title='bbox 830 1656 931 1710; x_wconf 87' lang='lat' dir='ltr'><strong>motus</strong></span> <span class='ocrx_word' id='word_1_121' title='bbox 953 1643 1045 1708; x_wconf 88' lang='lat' dir='ltr'><strong>liberi</strong></span> <span class='ocrx_word' id='word_1_122' title='bbox 1080 1662 1128 1708; x_wconf 90' lang='lat' dir='ltr'><strong>ar·</strong></span> 
     </span>
     <span class='ocr_line' id='line_1_18' title="bbox 202 1731 1127 1810; baseline -0.001 -12"><span class='ocrx_word' id='word_1_123' title='bbox 202 1732 285 1798; x_wconf 90' lang='lat' dir='ltr'><strong>bitrii</strong></span> <span class='ocrx_word' id='word_1_124' title='bbox 308 1733 339 1798; x_wconf 92' lang='lat' dir='ltr'><strong>in</strong></span> <span class='ocrx_word' id='word_1_125' title='bbox 364 1732 481 1797; x_wconf 88' lang='lat' dir='ltr'><strong>bonum</strong></span> <span class='ocrx_word' id='word_1_126' title='bbox 497 1731 667 1810; x_wconf 86' lang='lat' dir='ltr'><strong>tendentes,</strong></span> <span class='ocrx_word' id='word_1_127' title='bbox 690 1731 747 1796; x_wconf 89' lang='lat' dir='ltr'><strong>sibi</strong></span> <span class='ocrx_word' id='word_1_128' title='bbox 771 1732 902 1797; x_wconf 86' lang='lat' dir='ltr'><strong>invicem</strong></span> <span class='ocrx_word' id='word_1_129' title='bbox 925 1731 1127 1798; x_wconf 74' lang='lat' dir='ltr'><strong>succedentes</strong></span> 
     </span>
     <span class='ocr_line' id='line_1_19' title="bbox 203 1819 1127 1909; baseline -0.002 -23"><span class='ocrx_word' id='word_1_130' title='bbox 203 1841 303 1909; x_wconf 89' lang='lat' dir='ltr'><strong>usque</strong></span> <span class='ocrx_word' id='word_1_131' title='bbox 326 1821 366 1887; x_wconf 91' lang='lat' dir='ltr'><strong>ad</strong></span> <span class='ocrx_word' id='word_1_132' title='bbox 389 1821 493 1886; x_wconf 87' lang='lat' dir='ltr'><strong>linem.</strong></span> <span class='ocrx_word' id='word_1_133' title='bbox 518 1819 615 1904; x_wconf 90' lang='lat' dir='ltr'><strong>llujus</strong></span> <span class='ocrx_word' id='word_1_134' title='bbox 638 1820 730 1905; x_wconf 81' lang='lat' dir='ltr'><strong>igitur</strong></span> <span class='ocrx_word' id='word_1_135' title='bbox 767 1821 1008 1886; x_wconf 85' lang='lat' dir='ltr'><strong>continuationis</strong></span> <span class='ocrx_word' id='word_1_136' title='bbox 1043 1821 1127 1896; x_wconf 89' lang='lat' dir='ltr'><strong>boni,</strong></span> 
     </span>
     <span class='ocr_line' id='line_1_20' title="bbox 201 1908 1126 1998; baseline -0.002 -22"><span class='ocrx_word' id='word_1_137' title='bbox 201 1911 285 1998; x_wconf 94' lang='lat' dir='ltr'><strong>quod</strong></span> <span class='ocrx_word' id='word_1_138' title='bbox 308 1921 353 1974; x_wconf 88' lang='lat' dir='ltr'><strong>est</strong></span> <span class='ocrx_word' id='word_1_139' title='bbox 377 1910 611 1995; x_wconf 83' lang='lat' dir='ltr'><strong>perseverantia,</strong></span> <span class='ocrx_word' id='word_1_140' title='bbox 635 1930 696 1974; x_wconf 91' lang='lat' dir='ltr'><strong>non</strong></span> <span class='ocrx_word' id='word_1_141' title='bbox 721 1922 819 1994; x_wconf 88' lang='lat' dir='ltr'><strong>potest</strong></span> <span class='ocrx_word' id='word_1_142' title='bbox 852 1929 920 1976; x_wconf 86' lang='lat' dir='ltr'><strong>esse</strong></span> <span class='ocrx_word' id='word_1_143' title='bbox 953 1929 1049 1976; x_wconf 87' lang='lat' dir='ltr'><strong>causa</strong></span> <span class='ocrx_word' id='word_1_144' title='bbox 1072 1908 1126 1974; x_wconf 91' lang='lat' dir='ltr'><strong>ali·</strong></span> 
     </span>
     <span class='ocr_line' id='line_1_21' title="bbox 200 1997 1126 2084; baseline 0.001 -21"><span class='ocrx_word' id='word_1_145' title='bbox 200 1999 269 2083; x_wconf 87' lang='lat' dir='ltr'><strong>quis</strong></span> <span class='ocrx_word' id='word_1_146' title='bbox 292 1999 420 2062; x_wconf 89' lang='lat' dir='ltr'><strong>istorum</strong></span> <span class='ocrx_word' id='word_1_147' title='bbox 444 2009 597 2073; x_wconf 88' lang='lat' dir='ltr'><strong>motuum,</strong></span> <span class='ocrx_word' id='word_1_148' title='bbox 620 2000 690 2082; x_wconf 93' lang='lat' dir='ltr'><strong>quia</strong></span> <span class='ocrx_word' id='word_1_149' title='bbox 714 1997 819 2064; x_wconf 91' lang='lat' dir='ltr'><strong>nullus</strong></span> <span class='ocrx_word' id='word_1_150' title='bbox 852 2017 962 2064; x_wconf 85' lang='lat' dir='ltr'><strong>eorum</strong></span> <span class='ocrx_word' id='word_1_151' title='bbox 1001 2018 1126 2084; x_wconf 89' lang='lat' dir='ltr'><strong>semper</strong></span> 
     </span>
     <span class='ocr_line' id='line_1_22' title="bbox 200 2085 1127 2172; baseline -0.002 -20"><span class='ocrx_word' id='word_1_152' title='bbox 200 2087 300 2165; x_wconf 91' lang='lat' dir='ltr'><strong>durat;</strong></span> <span class='ocrx_word' id='word_1_153' title='bbox 324 2105 382 2152; x_wconf 90' lang='lat' dir='ltr'><strong>nco</strong></span> <span class='ocrx_word' id='word_1_154' title='bbox 405 2105 513 2150; x_wconf 88' lang='lat' dir='ltr'><strong>omnes</strong></span> <span class='ocrx_word' id='word_1_155' title='bbox 534 2085 637 2161; x_wconf 89' lang='lat' dir='ltr'><strong>simul,</strong></span> <span class='ocrx_word' id='word_1_156' title='bbox 659 2086 741 2172; x_wconf 89' lang='lat' dir='ltr'><strong>qnia,</strong></span> <span class='ocrx_word' id='word_1_157' title='bbox 763 2105 834 2152; x_wconf 90' lang='lat' dir='ltr'><strong>oum</strong></span> <span class='ocrx_word' id='word_1_158' title='bbox 859 2107 920 2152; x_wconf 93' lang='lat' dir='ltr'><strong>non</strong></span> <span class='ocrx_word' id='word_1_159' title='bbox 944 2087 1040 2153; x_wconf 90' lang='lat' dir='ltr'><strong>simul</strong></span> <span class='ocrx_word' id='word_1_160' title='bbox 1056 2088 1127 2165; x_wconf 89' lang='lat' dir='ltr'><strong>sint,</strong></span> 
     </span>
     <span class='ocr_line' id='line_1_23' title="bbox 202 2174 1123 2263; baseline 0 -23"><span class='ocrx_word' id='word_1_161' title='bbox 202 2196 265 2241; x_wconf 93' lang='lat' dir='ltr'><strong>non</strong></span> <span class='ocrx_word' id='word_1_162' title='bbox 279 2187 406 2263; x_wconf 88' lang='lat' dir='ltr'><strong>possunt</strong></span> <span class='ocrx_word' id='word_1_163' title='bbox 417 2174 510 2240; x_wconf 89' lang='lat' dir='ltr'><strong>simul</strong></span> <span class='ocrx_word' id='word_1_164' title='bbox 522 2174 636 2260; x_wconf 88' lang='lat' dir='ltr'><strong>aliquid</strong></span> <span class='ocrx_word' id='word_1_165' title='bbox 660 2195 797 2240; x_wconf 89' lang='lat' dir='ltr'><strong>causare.</strong></span> <span class='ocrx_word' id='word_1_166' title='bbox 825 2175 1020 2262; x_wconf 86' lang='lat' dir='ltr'><strong>Relinquitur</strong></span> <span class='ocrx_word' id='word_1_167' title='bbox 1049 2195 1123 2260; x_wconf 77' lang='lat' dir='ltr'><strong>ergo</strong></span> 
     </span>
     <span class='ocr_line' id='line_1_24' title="bbox 200 2263 1123 2350; baseline -0.002 -20"><span class='ocrx_word' id='word_1_168' title='bbox 200 2266 283 2350; x_wconf 92' lang='lat' dir='ltr'><strong>quod</strong></span> <span class='ocrx_word' id='word_1_169' title='bbox 307 2266 361 2329; x_wconf 87' lang='lat' dir='ltr'><strong>ista</strong></span> <span class='ocrx_word' id='word_1_170' title='bbox 385 2263 573 2330; x_wconf 85' lang='lat' dir='ltr'><strong>continuatio</strong></span> <span class='ocrx_word' id='word_1_171' title='bbox 589 2277 731 2328; x_wconf 86' lang='lat' dir='ltr'><strong>causetur</strong></span> <span class='ocrx_word' id='word_1_172' title='bbox 753 2264 792 2328; x_wconf 90' lang='lat' dir='ltr'><strong>ab</strong></span> <span class='ocrx_word' id='word_1_173' title='bbox 822 2265 926 2350; x_wconf 80' lang='lat' dir='ltr'><strong>aliquo</strong></span> <span class='ocrx_word' id='word_1_174' title='bbox 961 2264 1123 2350; x_wconf 86' lang='lat' dir='ltr'><strong>superiori.</strong></span> 
     </span>
     <span class='ocr_line' id='line_1_25' title="bbox 200 2352 1122 2439; baseline 0.001 -22"><span class='ocrx_word' id='word_1_175' title='bbox 200 2352 318 2438; x_wconf 79' lang='lat' dir='ltr'><strong>indiget</strong></span> <span class='ocrx_word' id='word_1_176' title='bbox 340 2353 432 2436; x_wconf 81' lang='lat' dir='ltr'><strong>igitur</strong></span> <span class='ocrx_word' id='word_1_177' title='bbox 471 2352 565 2418; x_wconf 89' lang='lat' dir='ltr'><strong>homo</strong></span> <span class='ocrx_word' id='word_1_178' title='bbox 589 2353 704 2418; x_wconf 83' lang='lat' dir='ltr'><strong>auxilio</strong></span> <span class='ocrx_word' id='word_1_179' title='bbox 739 2353 907 2438; x_wconf 88' lang='lat' dir='ltr'><strong>superioris</strong></span> <span class='ocrx_word' id='word_1_180' title='bbox 941 2354 1060 2439; x_wconf 76' lang='lat' dir='ltr'><strong>gratiae</strong></span> <span class='ocrx_word' id='word_1_181' title='bbox 1083 2352 1122 2418; x_wconf 90' lang='lat' dir='ltr'><strong>ad</strong></span> 
     </span>
     <span class='ocr_line' id='line_1_26' title="bbox 200 2440 635 2528; baseline -0.005 -20"><span class='ocrx_word' id='word_1_182' title='bbox 200 2440 463 2528; x_wconf 85' lang='lat' dir='ltr'><strong>perseuerandum</strong></span> <span class='ocrx_word' id='word_1_183' title='bbox 484 2441 515 2506; x_wconf 93' lang='lat' dir='ltr'><strong>in</strong></span> <span class='ocrx_word' id='word_1_184' title='bbox 540 2440 635 2506; x_wconf 91' lang='lat' dir='ltr'><strong>bono.</strong></span> 
     </span>
    </p>

    <p class='ocr_par' dir='ltr' id='par_1_7' title="bbox 197 2526 1125 3147">
     <span class='ocr_line' id='line_1_27' title="bbox 266 2526 1123 2610; baseline 0.001 -16"><span class='ocrx_word' id='word_1_185' title='bbox 266 2529 353 2604; x_wconf 85' lang='lat' dir='ltr'><strong>Item,</strong></span> <span class='ocrx_word' id='word_1_186' title='bbox 376 2527 408 2594; x_wconf 90' lang='lat' dir='ltr'><strong>Si</strong></span> <span class='ocrx_word' id='word_1_187' title='bbox 430 2542 503 2594; x_wconf 88' lang='lat' dir='ltr'><strong>sunt</strong></span> <span class='ocrx_word' id='word_1_188' title='bbox 526 2528 621 2594; x_wconf 89' lang='lat' dir='ltr'><strong>multa</strong></span> <span class='ocrx_word' id='word_1_189' title='bbox 645 2526 785 2594; x_wconf 88' lang='lat' dir='ltr'><strong>ordinata</strong></span> <span class='ocrx_word' id='word_1_190' title='bbox 809 2528 847 2594; x_wconf 92' lang='lat' dir='ltr'><strong>ad</strong></span> <span class='ocrx_word' id='word_1_191' title='bbox 882 2549 980 2595; x_wconf 87' lang='lat' dir='ltr'><strong>unum</strong></span> <span class='ocrx_word' id='word_1_192' title='bbox 1014 2528 1123 2610; x_wconf 83' lang='lat' dir='ltr'><strong>finem,</strong></span> 
     </span>
     <span class='ocr_line' id='line_1_28' title="bbox 197 2617 1123 2704; baseline 0 -20"><span class='ocrx_word' id='word_1_193' title='bbox 197 2630 281 2684; x_wconf 89' lang='lat' dir='ltr'><strong>totus</strong></span> <span class='ocrx_word' id='word_1_194' title='bbox 303 2618 380 2684; x_wconf 92' lang='lat' dir='ltr'><strong>ordo</strong></span> <span class='ocrx_word' id='word_1_195' title='bbox 395 2637 516 2694; x_wconf 87' lang='lat' dir='ltr'><strong>eorum,</strong></span> <span class='ocrx_word' id='word_1_196' title='bbox 538 2637 699 2704; x_wconf 88' lang='lat' dir='ltr'><strong>quousque</strong></span> <span class='ocrx_word' id='word_1_197' title='bbox 721 2617 917 2704; x_wconf 83' lang='lat' dir='ltr'><strong>pervenerint</strong></span> <span class='ocrx_word' id='word_1_198' title='bbox 951 2618 990 2684; x_wconf 90' lang='lat' dir='ltr'><strong>ud</strong></span> <span class='ocrx_word' id='word_1_199' title='bbox 1016 2619 1123 2698; x_wconf 88' lang='lat' dir='ltr'><strong>linem,</strong></span> 
     </span>
     <span class='ocr_line' id='line_1_29' title="bbox 198 2705 1122 2793; baseline 0.003 -22"><span class='ocrx_word' id='word_1_200' title='bbox 198 2719 246 2774; x_wconf 89' lang='lat' dir='ltr'><strong>est</strong></span> <span class='ocrx_word' id='word_1_201' title='bbox 268 2727 284 2772; x_wconf 88' lang='lat' dir='ltr'><strong>a</strong></span> <span class='ocrx_word' id='word_1_202' title='bbox 310 2706 409 2793; x_wconf 90' lang='lat' dir='ltr'><strong>primo</strong></span> <span class='ocrx_word' id='word_1_203' title='bbox 431 2719 540 2791; x_wconf 76' lang='lat' dir='ltr'><strong>agente</strong></span> <span class='ocrx_word' id='word_1_204' title='bbox 563 2705 714 2791; x_wconf 76' lang='lat' dir='ltr'><strong>dirigente</strong></span> <span class='ocrx_word' id='word_1_205' title='bbox 737 2707 767 2772; x_wconf 89' lang='lat' dir='ltr'><strong>in</strong></span> <span class='ocrx_word' id='word_1_206' title='bbox 792 2706 896 2772; x_wconf 89' lang='lat' dir='ltr'><strong>tinem.</strong></span> <span class='ocrx_word' id='word_1_207' title='bbox 914 2707 947 2774; x_wconf 88' lang='lat' dir='ltr'><strong>ln</strong></span> <span class='ocrx_word' id='word_1_208' title='bbox 962 2727 1000 2773; x_wconf 90' lang='lat' dir='ltr'><strong>en</strong></span> <span class='ocrx_word' id='word_1_209' title='bbox 1016 2720 1122 2774; x_wconf 85' lang='lat' dir='ltr'><strong>autern</strong></span> 
     </span>
     <span class='ocr_line' id='line_1_30' title="bbox 198 2795 1125 2882; baseline 0.004 -22"><span class='ocrx_word' id='word_1_210' title='bbox 198 2795 251 2882; x_wconf 90' lang='lat' dir='ltr'><strong>qui</strong></span> <span class='ocrx_word' id='word_1_211' title='bbox 275 2809 465 2882; x_wconf 83' lang='lat' dir='ltr'><strong>perserveret</strong></span> <span class='ocrx_word' id='word_1_212' title='bbox 488 2795 519 2860; x_wconf 94' lang='lat' dir='ltr'><strong>in</strong></span> <span class='ocrx_word' id='word_1_213' title='bbox 543 2795 625 2860; x_wconf 91' lang='lat' dir='ltr'><strong>bono</strong></span> <span class='ocrx_word' id='word_1_214' title='bbox 648 2808 719 2860; x_wconf 91' lang='lat' dir='ltr'><strong>sunt</strong></span> <span class='ocrx_word' id='word_1_215' title='bbox 736 2795 823 2860; x_wconf 89' lang='lat' dir='ltr'><strong>multi</strong></span> <span class='ocrx_word' id='word_1_216' title='bbox 838 2806 945 2862; x_wconf 85' lang='lat' dir='ltr'><strong>motus</strong></span> <span class='ocrx_word' id='word_1_217' title='bbox 961 2809 991 2862; x_wconf 89' lang='lat' dir='ltr'><strong>et</strong></span> <span class='ocrx_word' id='word_1_218' title='bbox 1007 2796 1125 2864; x_wconf 85' lang='lat' dir='ltr'><strong>multae</strong></span> 
     </span>
     <span class='ocr_line' id='line_1_31' title="bbox 198 2881 1124 2971; baseline 0.002 -23"><span class='ocrx_word' id='word_1_219' title='bbox 198 2885 334 2950; x_wconf 89' lang='lat' dir='ltr'><strong>actiones</strong></span> <span class='ocrx_word' id='word_1_220' title='bbox 357 2885 565 2971; x_wconf 75' lang='lat' dir='ltr'><strong>pertingentes</strong></span> <span class='ocrx_word' id='word_1_221' title='bbox 589 2883 628 2950; x_wconf 91' lang='lat' dir='ltr'><strong>ad</strong></span> <span class='ocrx_word' id='word_1_222' title='bbox 652 2903 749 2948; x_wconf 90' lang='lat' dir='ltr'><strong>unum</strong></span> <span class='ocrx_word' id='word_1_223' title='bbox 786 2883 891 2950; x_wconf 88' lang='lat' dir='ltr'><strong>linem.</strong></span> <span class='ocrx_word' id='word_1_224' title='bbox 928 2881 1058 2970; x_wconf 83' lang='lat' dir='ltr'><strong>Oportet</strong></span> <span class='ocrx_word' id='word_1_225' title='bbox 1097 2885 1124 2950; x_wconf 92' lang='lat' dir='ltr'><strong>i·</strong></span> 
     </span>
     <span class='ocr_line' id='line_1_32' title="bbox 197 2971 1121 3059; baseline 0.004 -23"><span class='ocrx_word' id='word_1_226' title='bbox 197 2975 279 3058; x_wconf 81' lang='lat' dir='ltr'><strong>gitur</strong></span> <span class='ocrx_word' id='word_1_227' title='bbox 301 2972 384 3059; x_wconf 87' lang='lat' dir='ltr'><strong>quod</strong></span> <span class='ocrx_word' id='word_1_228' title='bbox 408 2985 488 3038; x_wconf 88' lang='lat' dir='ltr'><strong>totus</strong></span> <span class='ocrx_word' id='word_1_229' title='bbox 512 2971 588 3037; x_wconf 89' lang='lat' dir='ltr'><strong>ordo</strong></span> <span class='ocrx_word' id='word_1_230' title='bbox 611 2973 740 3038; x_wconf 90' lang='lat' dir='ltr'><strong>istorum</strong></span> <span class='ocrx_word' id='word_1_231' title='bbox 764 2985 905 3038; x_wconf 88' lang='lat' dir='ltr'><strong>motuum</strong></span> <span class='ocrx_word' id='word_1_232' title='bbox 921 2987 952 3038; x_wconf 86' lang='lat' dir='ltr'><strong>et</strong></span> <span class='ocrx_word' id='word_1_233' title='bbox 963 2973 1121 3040; x_wconf 89' lang='lat' dir='ltr'><strong>actionum</strong></span> 
     </span>
     <span class='ocr_line' id='line_1_33' title="bbox 197 3058 1122 3147; baseline 0.003 -20"><span class='ocrx_word' id='word_1_234' title='bbox 197 3075 341 3128; x_wconf 88' lang='lat' dir='ltr'><strong>causetur</strong></span> <span class='ocrx_word' id='word_1_235' title='bbox 363 3081 380 3126; x_wconf 88' lang='lat' dir='ltr'><strong>a</strong></span> <span class='ocrx_word' id='word_1_236' title='bbox 404 3061 505 3147; x_wconf 86' lang='lat' dir='ltr'><strong>primo</strong></span> <span class='ocrx_word' id='word_1_237' title='bbox 528 3060 679 3144; x_wconf 80' lang='lat' dir='ltr'><strong>dirigente</strong></span> <span class='ocrx_word' id='word_1_238' title='bbox 702 3062 732 3126; x_wconf 92' lang='lat' dir='ltr'><strong>in</strong></span> <span class='ocrx_word' id='word_1_239' title='bbox 757 3061 862 3126; x_wconf 87' lang='lat' dir='ltr'><strong>linem.</strong></span> <span class='ocrx_word' id='word_1_240' title='bbox 886 3058 1051 3128; x_wconf 87' lang='lat' dir='ltr'><strong>Ostensum</strong></span> <span class='ocrx_word' id='word_1_241' title='bbox 1074 3074 1122 3130; x_wconf 83' lang='lat' dir='ltr'><strong>est</strong></span> 
     </span>
    </p>
   </div>
   <div class='ocr_carea' id='block_1_6' title="bbox 196 3148 1119 3591">
    <p class='ocr_par' dir='ltr' id='par_1_8' title="bbox 196 3148 1119 3503">
     <span class='ocr_line' id='line_1_34' title="bbox 196 3148 1119 3238; baseline 0.002 -24"><span class='ocrx_word' id='word_1_242' title='bbox 196 3164 301 3216; x_wconf 87' lang='lat' dir='ltr'><strong>autern</strong></span> <span class='ocrx_word' id='word_1_243' title='bbox 326 3153 379 3238; x_wconf 90' lang='lat' dir='ltr'><strong>(c.</strong></span> <span class='ocrx_word' id='word_1_244' title='bbox 405 3149 498 3234; x_wconf 76' lang='lat' dir='ltr'><strong>lli)</strong></span> <span class='ocrx_word' id='word_1_245' title='bbox 520 3151 602 3235; x_wconf 89' lang='lat' dir='ltr'><strong>quod</strong></span> <span class='ocrx_word' id='word_1_246' title='bbox 627 3169 681 3234; x_wconf 88' lang='lat' dir='ltr'><strong>per</strong></span> <span class='ocrx_word' id='word_1_247' title='bbox 704 3148 987 3214; x_wconf 80' lang='lat' dir='ltr'><strong>auriliumdiviuae</strong></span> <span class='ocrx_word' id='word_1_248' title='bbox 1003 3150 1119 3234; x_wconf 80' lang='lat' dir='ltr'><strong>gratiae</strong></span> 
     </span>
     <span class='ocr_line' id='line_1_35' title="bbox 197 3237 1119 3324; baseline 0.001 -21"><span class='ocrx_word' id='word_1_249' title='bbox 197 3239 372 3324; x_wconf 77' lang='lat' dir='ltr'><strong>diriguntur</strong></span> <span class='ocrx_word' id='word_1_250' title='bbox 394 3237 425 3304; x_wconf 93' lang='lat' dir='ltr'><strong>in</strong></span> <span class='ocrx_word' id='word_1_251' title='bbox 449 3239 591 3304; x_wconf 88' lang='lat' dir='ltr'><strong>ultimum</strong></span> <span class='ocrx_word' id='word_1_252' title='bbox 615 3239 719 3303; x_wconf 89' lang='lat' dir='ltr'><strong>linem.</strong></span> <span class='ocrx_word' id='word_1_253' title='bbox 753 3238 846 3322; x_wconf 79' lang='lat' dir='ltr'><strong>lgitur</strong></span> <span class='ocrx_word' id='word_1_254' title='bbox 882 3258 939 3324; x_wconf 91' lang='lat' dir='ltr'><strong>per</strong></span> <span class='ocrx_word' id='word_1_255' title='bbox 971 3238 1119 3306; x_wconf 82' lang='lat' dir='ltr'><strong>auxilium</strong></span> 
     </span>
     <span class='ocr_line' id='line_1_36' title="bbox 197 3326 1118 3412; baseline 0 -20"><span class='ocrx_word' id='word_1_256' title='bbox 197 3328 318 3392; x_wconf 82' lang='lat' dir='ltr'><strong>divinae</strong></span> <span class='ocrx_word' id='word_1_257' title='bbox 341 3327 458 3412; x_wconf 77' lang='lat' dir='ltr'><strong>gratiae</strong></span> <span class='ocrx_word' id='word_1_258' title='bbox 480 3340 526 3394; x_wconf 91' lang='lat' dir='ltr'><strong>est</strong></span> <span class='ocrx_word' id='word_1_259' title='bbox 548 3339 629 3393; x_wconf 90' lang='lat' dir='ltr'><strong>totus</strong></span> <span class='ocrx_word' id='word_1_260' title='bbox 652 3327 729 3394; x_wconf 89' lang='lat' dir='ltr'><strong>crdo</strong></span> <span class='ocrx_word' id='word_1_261' title='bbox 753 3341 783 3394; x_wconf 91' lang='lat' dir='ltr'><strong>et</strong></span> <span class='ocrx_word' id='word_1_262' title='bbox 810 3327 1001 3394; x_wconf 89' lang='lat' dir='ltr'><strong>continuatio</strong></span> <span class='ocrx_word' id='word_1_263' title='bbox 1021 3326 1118 3394; x_wconf 87' lang='lat' dir='ltr'><strong>bono-</strong></span> 
     </span>
     <span class='ocr_line' id='line_1_37' title="bbox 197 3415 1007 3503; baseline -0.001 -23"><span class='ocrx_word' id='word_1_264' title='bbox 197 3437 266 3481; x_wconf 90' lang='lat' dir='ltr'><strong>rum</strong></span> <span class='ocrx_word' id='word_1_265' title='bbox 291 3435 421 3503; x_wconf 85' lang='lat' dir='ltr'><strong>operum</strong></span> <span class='ocrx_word' id='word_1_266' title='bbox 443 3417 474 3482; x_wconf 93' lang='lat' dir='ltr'><strong>in</strong></span> <span class='ocrx_word' id='word_1_267' title='bbox 498 3436 535 3483; x_wconf 90' lang='lat' dir='ltr'><strong>eo</strong></span> <span class='ocrx_word' id='word_1_268' title='bbox 560 3416 611 3500; x_wconf 93' lang='lat' dir='ltr'><strong>qui</strong></span> <span class='ocrx_word' id='word_1_269' title='bbox 635 3429 827 3500; x_wconf 76' lang='lat' dir='ltr'><strong>perserveret</strong></span> <span class='ocrx_word' id='word_1_270' title='bbox 860 3415 1007 3482; x_wconf 92' lang='lat' dir='ltr'><strong>inbono.</strong></span> 
     </span>
    </p>

    <p class='ocr_par' dir='ltr' id='par_1_9' title="bbox 211 3502 1115 3591">
     <span class='ocr_line' id='line_1_38' title="bbox 211 3502 1115 3591; baseline -0.002 -21"><span class='ocrx_word' id='word_1_271' title='bbox 211 3563 213 3570; x_wconf 82' lang='grc'>,</span> <span class='ocrx_word' id='word_1_272' title='bbox 264 3502 399 3573; x_wconf 88' lang='lat' dir='ltr'><strong>ilinoest</strong></span> <span class='ocrx_word' id='word_1_273' title='bbox 422 3504 505 3591; x_wconf 89' lang='lat' dir='ltr'><strong>quod</strong></span> <span class='ocrx_word' id='word_1_274' title='bbox 528 3503 648 3572; x_wconf 82' lang='lat' dir='ltr'><strong>dieitur:</strong></span> <span class='ocrx_word' id='word_1_275' title='bbox 674 3503 734 3586; x_wconf 85' lang='lat' dir='ltr'><strong>Qui</strong></span> <span class='ocrx_word' id='word_1_276' title='bbox 755 3505 852 3589; x_wconf 84' lang='lat' dir='ltr'><strong>coepit</strong></span> <span class='ocrx_word' id='word_1_277' title='bbox 873 3503 907 3570; x_wconf 82' lang='lat' dir='ltr'><strong>in</strong></span> <span class='ocrx_word' id='word_1_278' title='bbox 928 3503 1014 3572; x_wconf 80' lang='lat' dir='ltr'><strong>voltis</strong></span> <span class='ocrx_word' id='word_1_279' title='bbox 1037 3520 1115 3590; x_wconf 82' lang='lat' dir='ltr'><strong>opus</strong></span> 
     </span>
    </p>
   </div>
   <div class='ocr_carea' id='block_1_7' title="bbox 0 0 1262 3968">
    <p class='ocr_par' dir='ltr' id='par_1_10' title="bbox 0 0 1262 3968">
     <span class='ocr_line' id='line_1_39' title="bbox 0 0 1262 3968; baseline 0 0"><span class='ocrx_word' id='word_1_280' title='bbox 0 0 1262 3968; x_wconf 95' lang='lat' dir='ltr'><strong> </strong></span> 
     </span>
    </p>
   </div>
  </div>
 </body>
</html>
