2452 3970
208 193 272 258 toa
472 216 527 260 tta.
551 217 592 260 nr.
617 214 680 260 cta.
704 215 761 260 ur.
785 215 821 261 ut
844 216 890 261 tx.

205 283 361 370 pientiam.
386 283 661 371 comprehenderc;
698 283 781 369 quod
820 284 922 349 nullus
961 285 1139 352 intellectus

205 387 325 438 creatus
348 385 455 458 potest.
480 373 556 438 ilinc
578 385 624 437 est
646 373 729 457 quod
752 374 871 440 dicitur:
895 374 1038 440 Intellexi
1050 377 1139 460 quorl

205 473 339 526 omnium
364 461 422 526 Dei
444 481 572 546 operum
594 463 717 528 nrtllom
738 465 838 546 poscit
870 463 959 527 lomo
995 464 1138 528 inuenire

204 553 365 626 rationem,
390 551 488 616 Eccle.
514 550 546 627 8,
571 550 809 629 l7.-Tertio‚
847 565 995 637 quantum
1020 552 1059 616 ad
1100 573 1137 617 ea

204 659 283 724 quac
306 660 343 703 ex
366 639 430 704 sola
454 639 512 704 Dei
536 639 692 704 voluntate
715 639 902 726 dependent,
936 641 1014 705 sicut
1044 661 1138 727 prae-

204 729 375 805 destinatio,
399 728 508 794 electio
532 742 561 793 et
583 727 760 813 justificatio
783 742 813 792 et
851 728 1029 814 hujusmodi
1053 750 1138 816 quae

203 817 241 880 ad
266 817 538 882 sanctificationem
579 817 732 902 pertinent
765 831 934 883 creaturae.
973 817 1050 883 ilinc
1090 833 1137 883 est

203 906 285 990 quod
308 905 431 970 dicitur:
457 905 532 985 Ouia
555 907 636 969 enim
659 906 816 972 lominum
837 908 895 971 scit
909 907 1138 993 qucclrominia

201 1008 282 1072 curet,
310 996 371 1058 nisi
393 995 522 1079 spiritua
542 995 684 1072 hominia,
707 996 760 1079 qui
782 997 905 1078 inipso
942 997 1007 1062 ecl?
1031 996 1082 1060 lta
1106 1009 1137 1060 et

201 1105 281 1166 quoe
304 1095 376 1146 sunt
398 1083 457 1147 Dei
478 1103 566 1148 nemo
587 1086 725 1168 ccpnour't
744 1085 806 1149 nisi
835 1085 964 1168 spiritua
1004 1085 1074 1164 Dei,
1116 1086 1130 1148 l

202 1171 273 1237 Cor.
297 1173 327 1250 l,
346 1172 396 1236 ll.
813 1247 815 1252 ¹

523 1259 624 1325 CA'P
641 1259 707 1326 UT
745 1261 805 1326 LX.

226 1440 315 1520 Quod
336 1439 474 1504 tridentes
497 1437 596 1504 Deum
616 1439 721 1504 omnia
743 1440 836 1504 simul
849 1440 956 1505 uident
975 1441 1007 1504 in
1031 1441 1111 1524 ipsc.

267 1617 343 1684 Cum
361 1629 463 1681 autem
487 1629 643 1680 ostensum
667 1616 705 1680 sit
727 1615 811 1701 quod
825 1617 996 1682 intellectus
1008 1631 1133 1682 creatus
1205 1601 1206 1622 ¹

200 1706 333 1771 divinam
358 1705 559 1770 substantiam
585 1704 704 1782 videns,
729 1705 759 1768 in
784 1706 847 1791 ipsa
871 1706 934 1774 Dei,
959 1706 1131 1771 substantia

198 1815 307 1860 omncs
329 1795 447 1881 species
470 1813 573 1859 rerum
607 1793 755 1879 intelligat
777 1814 1051 1881 -quaecumque
1075 1817 1132 1860 au-

199 1899 260 1948 tern
286 1905 345 1948 uua
369 1883 471 1970 specle
495 1881 636 1948 videntur
658 1896 779 1970 oportet
816 1883 961 1950 simulet
999 1903 1059 1948 una
1086 1886 1131 1948 vi·

197 1975 285 2038 sione
309 1972 416 2046 videri,
439 1991 509 2036 curn
534 1972 610 2035 visin
633 1973 784 2058 principio
806 1973 931 2039 visionis
943 1972 1131 2059 respondeat

197 2081 384 2126 -necesse
407 2073 452 2124 est
484 2060 567 2146 quod
607 2061 777 2126 intellectus
811 2061 1034 2148 quidivinam
1057 2062 1132 2126 sub·

195 2153 337 2216 stantiam
354 2148 526 2227 nideq'nnn
542 2151 722 2228 successive,
738 2151 792 2218 sed
815 2149 918 2228 simul,
934 2150 1038 2215 omnia
1054 2171 1131 2216 con·

345 2261 368 2303 r.

194 2242 350 2406 templquq’
374 2325 502 2392 Summa
527 2339 557 2390 et
580 2325 712 2412 perlecta
752 2326 881 2393 felicitas
916 2327 1131 2393 intellectualis

198 2434 326 2484 naturae
351 2419 380 2481 in
404 2415 459 2480 Dei
485 2415 601 2479 visione
626 2416 773 2495 consistit,
800 2431 833 2481 ut
870 2422 988 2502 supra(
1004 2417 1131 2500 atet)
1202 2435 1203 2442 ¹

197 2524 353 2573 ostensum
378 2519 433 2570 est.
457 2503 597 2569 Felicitas
633 2516 735 2569 autem
774 2525 837 2570 non
875 2519 921 2570 est
957 2505 1130 2570 secuudum

197 2597 347 2671 lubitum,
371 2593 427 2658 sed
451 2593 620 2659 secundum
646 2605 759 2670 actum,
782 2613 854 2658 cum
878 2596 915 2659 sit
939 2593 1128 2681 ultimaper·

195 2685 286 2752 lectio
310 2699 340 2749 et
363 2683 487 2748 ultimus
511 2680 589 2746 finis.
616 2681 655 2744 Ea
680 2682 771 2766 igitur
794 2701 874 2766 quae
908 2681 1051 2747 videntur
1073 2703 1130 2768 per

194 2775 343 2843 visionem
369 2772 490 2836 divinae
513 2769 786 2857 substantiaeque
803 2773 1125 2836 beatisumusomuia
1201 2793 1202 2879 q

193 2865 364 2928 secuudum
380 2873 481 2925 actum
506 2858 658 2935 videntum
682 2879 744 2924 non
762 2879 836 2944 ergo
866 2880 963 2925 unum
988 2861 1073 2947 prius
1095 2873 1124 2923 et

193 2952 276 3017 aliud
307 2949 467 3038 posterius.

262 3041 378 3116 Adhuc,
403 3037 611 3122 Unaquaeque
634 3055 693 3110 res,
716 3057 787 3101 cum
819 3037 936 3102 venerit
958 3037 997 3101 ad
1031 3057 1122 3102 suum

193 3129 336 3198 ultimum
360 3129 465 3204 finem,
488 3126 626 3210 quiescit,
649 3145 723 3189 cum
757 3125 859 3190 omnis
883 3139 985 3190 motus
1023 3127 1061 3189 sit
1083 3124 1121 3189 ad

194 3217 415 3304 acquirendum
445 3216 549 3284 finem.
574 3213 704 3278 Ultimus
728 3229 831 3279 autem
855 3213 924 3280 linis
951 3214 1121 3279 intellectus

197 3323 242 3370 est
280 3307 356 3371 visio
390 3304 512 3369 diuinae
550 3302 748 3380 substantiae,
772 3317 804 3368 ut
831 3323 922 3389 supra
957 3303 1014 3383 (c.
1053 3303 1119 3384 95)
1199 3295 1200 3337 l

196 3410 355 3460 ostensum
393 3408 448 3458 est.
488 3391 662 3456 intellectus
701 3392 794 3475 igitur
817 3390 951 3456 divinam
982 3391 1121 3456 substan·

194 3485 267 3548 tiam
291 3484 397 3548 videns
429 3501 491 3547 non
527 3493 666 3545 moretur
701 3480 740 3544 de
778 3501 840 3545 uno
872 3480 1051 3567 intelligibili
1088 3480 1118 3543 in
