2516 3968
369 250 490 320 natu.
515 251 579 298 ott.
599 249 676 298 cttx.
712 249 746 295 st
771 249 836 296 mx.
996 229 1062 300 taz

146 319 220 407 piac
244 317 461 388 diciturenim
484 320 524 386 de
563 319 760 407 quibusdam:
796 320 948 385 Diuerunl
983 321 1063 388 Deo:

145 410 264 474 Recede
288 431 310 474 e
323 409 421 490 nobis,
444 420 474 474 et
488 411 647 475 scientiam
669 395 939 474 ciorum‘tucrum
976 412 1065 500 qula-

142 519 225 575 mus,
246 499 316 578 lob,
349 500 403 579 li,
429 499 480 575 tt;
503 514 543 563 et:
567 499 632 587 lpsi
645 497 771 582 luerunt
791 497 921 564 rebelles
943 499 1063 576 lumini,

60 647 62 652 .
142 587 213 652 lob.
237 587 291 667 di,
316 589 366 653 te.
384 589 419 653 Et
450 607 522 653 cum
557 587 616 654 hoo
649 587 688 654 sit
721 587 751 652 iu
787 600 937 674 potestate
974 588 1063 655 liberi

145 675 274 755 arbitrii,
297 676 447 764 impedire
470 676 591 742 divinae
614 677 738 761 gratiae
768 677 975 763 receptionem
1015 677 1063 744 rel

146 785 209 829 nou
234 765 394 852 impedire,
418 785 482 830 ttott
506 766 660 831 immerito
684 766 714 829 iu
737 764 859 850 cuipam
884 765 1063 852 imputatur,

143 855 172 917 ei
195 854 248 940 qui
271 855 527 941 impedimentum
563 867 697 941 praestat
730 854 845 938 gratiae
884 855 1061 942 receptioni.

143 941 229 1008 Deus
251 945 346 1018 enim,
369 943 574 1030 quantumin
598 963 632 1008 se
654 957 710 1021 est,
733 956 857 1030 paratus
880 958 926 1008 est
961 946 1062 1009 omni-

143 1029 202 1096 bus
224 1033 354 1118 gratiam
378 1033 461 1098 dare:
489 1032 604 1096 Omnes
627 1033 709 1097 enim
723 1031 938 1098 luminesvelt
959 1034 1063 1098 select

140 1119 223 1202 lieri,
246 1123 334 1187 elad
355 1121 704 1206 opnitiortemceritatis
735 1123 850 1196 uenire,
885 1135 917 1186 ut
949 1121 1060 1187 dieitur

144 1209 157 1273 l
186 1209 281 1288 Tim,
307 1212 338 1288 2,
361 1212 391 1276 lt.
414 1210 476 1275 Sed
500 1210 542 1275 illi
566 1210 622 1274 soii
646 1209 743 1294 gratia
767 1211 925 1296 privantur
946 1211 998 1296 qui
1029 1212 1058 1274 itt

140 1298 389 1384 setpstsgtatiae
412 1299 674 1387 impedimentum
697 1311 862 1386 potestaten
885 1300 972 1378 sicut,
995 1299 1060 1364 sole

141 1386 294 1452 muudum
320 1388 526 1468 illuminante,
552 1389 582 1452 in
606 1387 730 1475 culpam
769 1387 936 1472 imputatur
957 1388 986 1452 ei
1009 1389 1061 1474 qui

140 1475 250 1542 oeulos
272 1477 387 1543 claudit
410 1477 435 1542 si
458 1498 497 1542 ex
521 1479 581 1542 ltoc
604 1475 728 1562 aliquod
752 1476 869 1542 malum
906 1477 1062 1562 aequaturi

138 1562 211 1629 licet
236 1565 339 1630 videre
353 1587 415 1632 nott
440 1568 533 1653 possit
548 1566 607 1631 nisi
621 1565 739 1630 lumine
753 1565 827 1630 solis
839 1566 1061 1653 praeveniatur.

446 1685 747 1754 caturctx.

139 1791 230 1872 Quod
251 1791 341 1858 nomo
363 1793 532 1879 inpecccto
547 1794 680 1860 eca'etens
701 1794 768 1858 sine
782 1794 1057 1880 preliopcccctnnt

442 1885 542 1948 vilare
564 1903 623 1947 nott
643 1893 754 1968 polest.

205 2003 296 2086 Quod
320 2017 423 2070 autem
447 2004 563 2070 dietum
587 2019 644 2084 est,
667 2005 698 2071 in
721 2019 870 2092 potestate
892 2007 980 2072 liberi
1005 2028 1054 2075 ar·

138 2092 218 2160 bittii
241 2113 309 2158 esse
333 2114 372 2158 ue
395 2093 650 2180 impedimentum
673 2096 789 2179 gratiae
812 2109 956 2181 praestet,
971 2111 1054 2163 cont·

138 2183 215 2268 petit
237 2181 283 2246 itis
300 2186 330 2248 in
354 2182 466 2267 quibus
489 2181 634 2247 naturalis
658 2187 792 2268 potentia
815 2188 932 2268 integra
957 2182 1057 2252 suerit.

137 2272 169 2334 Si
201 2285 311 2336 autem
335 2291 390 2356 per
414 2270 671 2336 inordinationem
696 2271 946 2356 praecedentem,
962 2273 1056 2340 decii·

136 2360 257 2424 naretit
277 2360 315 2424 ad
344 2359 471 2436 malunt,
496 2366 638 2424 nouerit
675 2361 804 2424 omnino
837 2359 869 2425 itt
907 2373 1055 2448 potestate

136 2447 205 2533 ejus
228 2448 347 2514 nullum
372 2446 628 2533 impedimentum
651 2447 767 2532 gratiae
790 2463 955 2534 praestare.
993 2452 1055 2520 Etsi

137 2536 220 2602 euim
244 2536 283 2602 ad
305 2535 430 2622 aliquod
452 2550 644 2601 momentum
666 2535 705 2602 ab
727 2537 830 2624 aliquo
853 2538 968 2624 peceati
984 2556 1054 2608 actu

140 2625 315 2712 particulari
340 2626 435 2710 possit
457 2624 610 2690 abstinere
633 2625 756 2712 propria
779 2641 939 2714 potestate,
961 2630 986 2696 si
1011 2645 1055 2695 ta·

140 2733 214 2778 men
237 2717 290 2780 diu
312 2714 371 2780 sibi
393 2713 588 2798 relinquitur.
610 2714 641 2778 itt
665 2728 824 2802 peceatum
863 2716 962 2793 cedet,
1000 2739 1056 2807 per

138 2801 223 2889 quod
246 2803 362 2888 gratiae
385 2802 638 2888 impedimentum
663 2817 843 2891 praestatur.

207 2890 284 2958 Cam
307 2890 391 2956 euim
415 2912 503 2956 utens
527 2891 660 2958 hominis
695 2913 713 2957 a
747 2906 825 2958 statu
865 2893 1055 2968 rectitudinis

139 2979 348 3057 declinaverit,
370 2978 565 3046 manifestam
600 2994 648 3046 est
674 2982 758 3067 quod
795 2985 922 3047 recessit
944 2987 982 3052 ab
1005 2993 1054 3050 or'-

140 3070 213 3134 dinc
249 3070 342 3136 debiti
367 3070 446 3136 finis.
481 3068 558 3136 illud
596 3068 688 3155 igitur
724 3069 808 3156 quod
845 3071 973 3138 deberet
1007 3093 1054 3139 es·

97 3223 102 3229 .
139 3178 173 3224 se
196 3159 227 3223 iu
250 3158 359 3226 affectu
392 3158 593 3246 praecipuum
628 3170 785 3245 tamquam
824 3159 949 3226 ultimus
987 3161 1056 3231 linis

144 3244 275 3312 efficitur
298 3249 400 3312 minus
424 3247 572 3312 dilectum
605 3245 659 3311 illo
691 3247 730 3313 ad
768 3247 851 3333 qnod
889 3269 977 3316 mens
1011 3251 1056 3316 itt·

141 3336 283 3402 ordinate
320 3356 468 3402 conversa
500 3349 546 3402 est
578 3333 658 3402 sicut
694 3337 724 3401 in
763 3338 906 3402 ultimum
946 3339 1057 3406 linem.

140 3425 408 3511 Quandocumque
432 3424 524 3509 igitur
545 3424 714 3492 occurrerit
736 3425 851 3512 aliquid
873 3429 1058 3495 conveniens

140 3513 314 3582 inordinato
338 3513 392 3582 tint
415 3514 476 3604 (et)
499 3531 677 3604 repugnans
701 3513 755 3582 lini
778 3515 893 3598 debito,
916 3516 1057 3605 eligetur,
