2372 3966
322 259 381 304 niu.
405 259 446 304 ut.
470 259 534 304 ono.
557 257 678 304 rtnttu.
924 239 966 303 97

109 327 146 392 Es
171 347 238 413 quo
260 328 353 393 etiarn
378 342 469 413 patet,
491 328 678 393 inductionis
702 325 759 402 tia,
775 326 857 412 quod
875 347 967 414 sopra

58 417 211 482 ntionibus
235 431 281 481 est
316 417 488 503 probatum:
513 417 598 504 qnod
622 415 735 480 ultima·
752 413 879 480 felicitas
913 415 968 483 lto·

54 507 129 570 uinis
151 525 219 571 non
242 506 380 573 consistit
403 508 461 572 nisi
487 507 517 572 in
541 503 802 592 contemplatione
826 505 892 570 Dei.

318 681 489 750 CAPUT
528 679 690 748 xxxvnt.

54 823 137 902 Quod
160 825 301 908 (clintes
324 825 462 890 duntona
483 845 545 888 attin
569 823 762 888 consistitur
785 823 954 907 coquitioue

117 913 178 978 Dei
199 935 280 1000 quoe
300 917 502 980 communiter
525 913 656 976 labetur
678 932 700 976 u
719 911 872 996 pluribus.

100 1036 329 1122 inquirendum
365 1049 468 1100 autem
505 1033 690 1120 relinquitur
724 1034 753 1098 in
789 1034 871 1120 quali
908 1033 966 1098 Dei
1059 1103 1066 1116 ,

41 1125 216 1210 cognitione
240 1125 347 1190 ultima
377 1124 506 1190 felicitas
538 1121 728 1189 subnantioe
752 1123 966 1188 intellectualis

41 1215 182 1279 consistit.
210 1214 260 1279 Est
282 1215 366 1278 enim
390 1214 543 1299 quaedam
566 1211 742 1278 cummunis
773 1223 803 1276 et
837 1211 964 1278 contusa

39 1301 88 1366 Dei
110 1304 266 1388 cognitio,
289 1321 370 1388 quae
393 1303 478 1388 quasi
504 1303 650 1366 omnibus
674 1299 852 1366 nominibus
867 1301 965 1375 adesu

40 1393 96 1456 site
108 1392 170 1457 hoc
183 1394 224 1458 sit
237 1411 291 1478 per
303 1394 363 1458 noo
374 1393 457 1478 qnod
471 1391 572 1456 mom
584 1407 653 1456 csse
668 1391 707 1454 sit
718 1407 774 1476 per
785 1409 819 1454 se
841 1403 963 1462 notum,

38 1481 108 1544 sicot
125 1482 188 1548 alia
215 1481 486 1546 demonstrationis
501 1480 660 1566 principia,
678 1480 756 1544 sicut
778 1477 963 1564 quibusdam

40 1569 163 1650 videtur,
178 1581 213 1636 ot
236 1587 282 1635 est
304 1570 419 1636 dietum
442 1570 479 1656 (l.
505 1571 535 1647 l,
548 1591 574 1634 o.
594 1569 662 1653 ld):
677 1566 853 1653 sivetquod
866 1569 964 1651 magis

40 1677 139 1724 verum
167 1659 306 1744 videtur)
340 1659 411 1744 quia
435 1657 566 1724 naturali
598 1655 843 1722 rationestatim
869 1656 964 1722 homo

40 1747 66 1810 in
87 1749 258 1835 aliqualem
281 1749 338 1814 Dei
363 1749 571 1832 cognitionem
600 1747 763 1832 pertenire
786 1757 893 1830 potest:
920 1747 964 1809 vi-

40 1835 140 1902 dentes
164 1839 251 1902 enirn
276 1837 418 1904 homines
441 1855 490 1901 res
514 1835 669 1900 naturales
684 1834 856 1899 seeundum
880 1833 963 1900 ordi-

40 1945 102 1990 nem
127 1941 250 1992 eertum
274 1943 410 2003 currere,
433 1943 505 1990 eum
529 1923 682 1990 ordinatio
705 1924 823 2010 absque
839 1923 962 1988 ordina-

40 2026 97 2078 tore
120 2033 187 2080 nott
212 2017 260 2093 sit,
284 2015 457 2102 percipiunt
480 2025 513 2079 ut
536 2016 567 2078 in
593 2013 732 2100 pluribus
745 2013 880 2098 aliquem
893 2031 960 2078 esse

39 2103 244 2170 ordinatorem
252 2121 356 2170 rerum
366 2121 443 2190 quas
456 2103 606 2168 videmus.
619 2102 696 2183 Quis
710 2115 813 2166 autem
828 2101 874 2164 vel
887 2121 962 2188 quo-

39 2191 58 2252 si
78 2193 169 2260 celsi
194 2213 275 2258 unos
297 2205 477 2257 tantomcst
490 2193 648 2257 ordinator
671 2191 962 2268 naturue‚uoodom

39 2284 131 2346 statim
149 2303 188 2346 ex
206 2283 264 2347 hac
279 2277 438 2346 communi
451 2281 698 2346 consideratione
715 2280 857 2352 ttabetort
873 2279 961 2356 sicut,

40 2389 102 2435 com
124 2372 270 2438 uidemus
293 2371 454 2436 hominem
478 2371 596 2434 mureti
620 2381 651 2432 et
675 2368 733 2432 alia
748 2387 843 2454 opera
857 2385 962 2454 agere,

40 2460 221 2547 percipimus
245 2462 275 2524 iu
299 2479 337 2524 eo
372 2459 540 2546 quamdam
569 2475 696 2522 causam
721 2455 831 2522 harum
853 2475 962 2544 opera·

41 2547 150 2615 tionum
174 2569 257 2635 quae
280 2549 349 2613 aliis
371 2550 464 2614 robus
487 2567 550 2612 nou
574 2544 664 2621 inest,
688 2559 718 2610 et
741 2547 960 2610 honestorum

41 2637 167 2703 animam
192 2639 402 2716 nominamus,
432 2637 571 2702 nondam
606 2650 709 2702 tamen
733 2637 864 2699 scientes
887 2637 961 2719 quid

42 2725 74 2788 sit
95 2730 208 2806 attium
231 2729 256 2792 si
281 2741 327 2792 est
350 2735 474 2812 corpus,
511 2725 560 2790 tel
598 2723 729 2810 qualiter
766 2722 962 2810 operationes

42 2817 202 2895 praedictas
226 2815 348 2882 efficiat.
386 2816 453 2880 llon
477 2829 523 2880 est
558 2830 662 2878 antam
698 2811 844 2900 possibile
882 2811 962 2876 hanc

41 2909 239 2989 cognitionem
265 2906 303 2970 ad
327 2904 504 2970 felicitatem
527 2902 678 2968 solllcere.

98 2994 287 3060 Felicitatem
311 2995 396 3059 enim
417 2995 631 3080 operationem
656 3007 724 3054 esse
748 3001 869 3075 oportet
893 2988 961 3052 abs·

43 3097 92 3162 que
114 3083 248 3148 deiectu.
275 3083 358 3148 lloee
395 3099 499 3148 autem
535 3079 671 3164 cognitio
709 3093 756 3144 cst
790 3077 960 3142 multorom

44 3187 170 3238 errorum
184 3173 405 3237 odorimiuuem
418 3172 598 3257 suscipienu
612 3167 740 3254 quidam
757 3183 840 3230 enon
855 3185 959 3232 rerunt

45 3262 260 3326 mundanarum
276 3281 339 3326 non
355 3261 449 3324 aliurn
462 3261 671 3324 ordinatorem
684 3255 962 3342 eseqcreditterunt

47 3364 123 3428 quani
147 3369 277 3436 corpora
301 3349 691 3432 caelestia‚undeoorpora
715 3345 857 3412 caelestia
882 3347 961 3410 deos

47 3440 256 3516 andixcrunc
268 3437 392 3525 quidam
406 3458 480 3502 vcro
494 3439 620 3502 ulterius
638 3438 701 3522 ipsa
715 3433 867 3501 elementa
880 3456 960 3520 quae

49 3543 76 3589 et
95 3531 137 3593 eis
160 3541 360 3611 generantur,
383 3528 469 3613 quasi
494 3529 691 3592 aestimantes
714 3538 816 3592 motos
840 3537 870 3588 et
886 3544 959 3605 ope·

122 3617 153 3683 S.
183 3617 237 3682 tt.
267 3616 411 3683 Sutntuoe
428 3615 508 3680 etit.
534 3615 567 3682 v.
591 3615 622 3678 ⁰2.
849 3612 868 3674 t
