2452 3970
221 212 283 278 188
458 232 515 276 ιιε.
539 231 579 275 ιιι.
604 229 667 276 cnr.
692 230 768 276 ιιιιι.
792 228 827 274 ur
851 230 938 276 ιιιιιιι.

218 301 323 366 omnia
347 299 405 365 alia
422 313 517 384 agunt
534 301 646 386 ipsum,
662 301 692 364 in
710 311 861 385 quantum
878 314 974 386 agunt
986 303 1017 368 in
1034 304 1150 370 virtute

218 391 309 476 primi
344 389 473 474 agentis
496 388 633 454 seeundo
658 403 762 454 autem
786 390 918 470 agentia,
956 413 1037 478 quae
1072 405 1151 458 sunt

218 479 306 565 quasi
331 478 543 564 particulatrtia
567 490 597 542 et
620 477 860 544 determinantia
892 481 1046 550 actionem
1084 483 1152 568 pri·

219 569 262 632 mi
286 567 415 652 agentis
439 579 545 651 agunt,
568 567 646 632 siout
669 567 812 653 proprios
835 569 1058 646 effeetus‚alias
1074 591 1150 656 per-

218 656 367 722 fectiones
390 676 470 741 quae
495 655 708 721 determinant
732 675 809 720 esse.

286 745 461 823 Praeterea,
500 744 591 826 Quod
635 758 681 809 est
702 761 762 832 'per
800 749 964 812 essentiam
1005 748 1065 812 tale
1103 764 1153 814 est

218 835 343 921 propria
382 854 474 900 eausa
513 832 580 918 ejus
618 834 702 918 quod
737 846 783 900 est
806 856 860 921 per
882 835 1153 923 participationem

220 924 293 1001 tabe,
315 923 393 988 sieut
418 923 496 1007 ignis
519 937 565 986 est
588 943 680 988 eausa
705 925 845 990 omnium
869 921 1048 1009 ignitorum.
1065 927 1153 992 Deus

221 1026 325 1078 autem
351 1010 434 1076 solus
458 1024 504 1075 est
526 1031 581 1074 ens
608 1031 663 1096 per
698 1014 865 1077 essentiam
882 1081 885 1088 ,
904 1035 1006 1092 suam,
1045 1017 1153 1080 omitia

222 1115 325 1166 autem
351 1101 409 1166 alia
433 1101 607 1166 sumentia
632 1121 687 1186 per
710 1102 987 1186 participationem
1012 1125 1085 1169 nam
1120 1105 1153 1169 in

220 1190 286 1256 solo
310 1190 377 1254 Deo
400 1209 467 1256 esse
491 1201 536 1254 est
560 1209 615 1254 sua
634 1189 777 1254 essentia.
802 1191 875 1258 Esse
915 1193 1009 1276 igitur
1046 1193 1153 1279 eujus-

219 1280 295 1344 libet
319 1279 478 1345 existentis
507 1289 552 1341 est
576 1279 720 1364 proprius
749 1279 875 1346 effeetus
900 1281 978 1365 ejus,
1002 1282 1043 1345 ita
1067 1283 1154 1368 quod

185 1418 189 1426 .
221 1388 315 1434 omne
338 1367 421 1454 quod
446 1365 590 1453 producit
628 1366 745 1452 aliquid
784 1369 815 1434 in
840 1389 907 1434 esse
932 1371 991 1436 hoe
1023 1369 1096 1436 iacit
1120 1376 1152 1436 in

220 1470 371 1544 quantum
395 1457 511 1540 agitio
537 1457 649 1519 virtute
672 1456 739 1520 Dei.

290 1547 367 1610 Hine
390 1559 437 1610 est
460 1545 544 1631 quod
568 1543 688 1608 dieitur:
716 1545 846 1610 Creuoit·
862 1546 958 1626 Deus,
981 1560 1017 1612 ut
1053 1561 1157 1613 esseut

222 1637 337 1713 omnia,
349 1634 433 1720 Sap,
446 1635 476 1711 b,
501 1635 553 1710 id3
565 1647 595 1698 et
608 1639 638 1698 in
652 1633 791 1718 pluribus
814 1634 991 1718 Scripturae
1015 1637 1091 1703 loeis
1106 1637 1154 1702 di-

222 1729 302 1788 eitur
327 1723 410 1810 quod
434 1724 519 1788 Deus
545 1721 649 1787 omnia
688 1721 770 1788 fauit.
805 1761 848 1772 —-
873 1725 907 1790 Et
930 1726 960 1790 in
984 1725 1079 1792 Libro
1117 1727 1157 1791 de

224 1811 342 1878 Causis-
362 1811 580 1897 dieitur'quod
604 1831 661 1876 nee
685 1811 888 1896 intelligentia
913 1813 964 1879 dat
988 1835 1068 1894 esse,
1097 1816 1157 1880 nisi

225 1902 256 1966 in
281 1914 431 1986 quantum
455 1913 500 1966 est
523 1901 635 1979 utrina,
659 1912 689 1964 et
713 1901 744 1966 in
769 1915 919 1988 quantum
944 1904 1006 1988 agit
1030 1905 1061 1970 in
1099 1905 1158 1969 vir-

224 2002 289 2056 tute
313 1989 425 2054 divina.
884 2031 890 2038 -

516 2074 701 2177 uirus
740 2111 856 2181 ιιιιιι.

417 2272 506 2353 Quod
530 2273 615 2337 Deus
638 2285 683 2338 εει
707 2293 801 2338 eausa
824 2277 977 2357 operandi

504 2361 645 2427 amitibus
668 2363 876 2445 operantibus.

291 2523 333 2588 Ει
357 2522 416 2586 boo
443 2536 546 2587 autem
576 2536 704 2609 apparet
737 2522 821 2608 quod
858 2524 942 2590 Deus
980 2537 1026 2590 εει
1061 2545 1154 2590 eausa

225 2613 371 2679 omnibus
395 2611 594 2698 operantibus
618 2624 651 2676 ut
673 2625 850 2699 operentur.

293 2700 395 2766 Omne
434 2701 518 2764 enim
556 2719 689 2786 operans
725 2715 771 2765 est
807 2702 911 2788 aliquo
942 2702 1036 2768 modo
1060 2722 1153 2768 eausa

226 2790 359 2867 essendi,
383 2788 432 2852 vei
455 2788 626 2854 seeundum
659 2810 728 2854 esse
752 2789 953 2856 substantiale
988 2792 1036 2856 vel
1071 2792 1154 2856 auoi-

225 2879 359 2946 dentale.
400 2877 482 2942 Nihil
520 2891 625 2942 eutem
664 2891 710 2944 est
747 2899 838 2946 eausa
873 2879 1007 2959 essendi,
1026 2880 1095 2946 uisi
1121 2880 1169 2946 in

99 2999 100 3002 ¹
207 2981 377 3056 ,quantum
417 2967 480 3050 agit
502 2967 534 3030 in
566 2966 678 3034 virtute
701 2967 816 3046 divina,
840 2982 873 3034 ιιι
910 2982 1069 3036 οειειιειιιιι
1108 2981 1154 3034 est

226 3066 267 3140 (o.
292 3057 367 3158 bb).'
385 3055 488 3122 Omne
511 3056 604 3141 igitur
627 3075 759 3144 operans
783 3071 930 3144 operatur
969 3079 1025 3144 per
1059 3059 1154 3124 virtu-

226 3147 414 3311 lemdibbiie,
448 3232 557 3300 Omnis
580 3235 718 3319 operatio
741 3255 821 3321 quae
860 3237 1058 3320 consequitur
1096 3234 1154 3302 ali·

225 3345 318 3410 quam
344 3325 487 3388 virtutem
511 3323 686 3388 attribuitur
709 3325 787 3390 sieut
811 3345 923 3398 oausae
946 3325 993 3392 iiii
1010 3326 1151 3413 reiquae

226 3413 312 3476 dedit
337 3411 420 3478 iilam
445 3412 600 3488 virtutem3
617 3412 695 3476 siout
711 3426 813 3478 motus
830 3415 970 3498 gravium
987 3428 1017 3480 et
1033 3415 1149 3480 levium

227 3500 376 3567 naturalis
413 3501 613 3586 consequitur
645 3499 778 3570 sormam
813 3503 952 3590 ipsorum
975 3504 1148 3572 seeundum
