2516 3968
306 237 362 282 nia.
387 236 428 282 ιιι.
452 235 516 281 ιιι.
540 233 678 281 cxxxun.
701 235 736 281 nn
760 233 875 282 cxxxix.
973 207 1043 280 'tull

126 306 157 373 Si
181 317 285 374 nutem
319 305 429 391 aliquis
451 304 523 373 lacit
545 304 659 390 aliquid
684 318 811 392 propter
831 303 945 382 Deum,
957 305 1043 374 illum

122 409 228 462 actum
262 395 329 461 Deo
351 393 450 470 client
472 393 526 460 scd
549 395 575 460 si
598 413 635 458 ex
658 407 729 459 voto
752 394 812 460 hoc
846 393 945 470 iaciat,
981 413 1045 460 non

127 486 365 562 colementum,
395 483 564 550 sedetiam
589 482 869 570 potentiamoffent
903 481 982 558 Deo;
1015 494 1046 547 et

125 575 170 640 sic
180 585 275 676 ‘patet
298 571 382 660 quod
416 573 609 659 propositum
643 591 735 638 suum
773 585 819 637 est
853 571 892 638 ad
930 570 1045 672 aliquid

126 661 229 748 majus
251 663 319 728 Deo
342 660 562 727 exhibendum
586 659 649 726 licit
671 681 747 746 ergo
772 674 856 727 actus
879 659 947 746 ejus
984 660 1045 724 nir·

128 751 248 817 tuosioc
270 751 388 817 natione
411 748 538 834 majoris
563 749 668 815 boni
660 751 781 829 intenti3
804 749 859 818 etsi
878 750 908 814 in
933 767 1047 816 execu-

128 841 253 906 cutione
276 840 353 905 alius
376 838 516 904 videatur
537 837 712 904 ferventior

195 928 370 1006 Praeterea,
393 915 541 993 Voluntas
576 929 765 1013 piaccedens
804 939 906 994 actum
942 939 1048 992 manet

129 1017 241 1084 virtute
263 1018 294 1082 in
318 1029 381 1082 tota
403 1016 621 1082 consecutione
645 1028 729 1082 actus
753 1029 783 1082 et
805 1017 906 1103 ipsum
940 1014 1047 1080 lauda-

129 1105 224 1172 bilem
248 1105 364 1184 reddit,
386 1106 479 1170 etiam
515 1103 640 1192 quando
664 1104 703 1170 de
726 1107 884 1193 proposito
907 1105 1049 1170 uolunta·

128 1197 177 1274 tis,
188 1209 330 1298 ’propter
353 1194 436 1280 quod
463 1206 565 1259 actum
591 1194 707 1296 incipit,
730 1195 761 1259 in
801 1194 982 1261 executione
1017 1213 1049 1258 o-

129 1285 212 1370 peris
238 1303 300 1349 ιιοιι
322 1283 487 1367 cogitabat,
510 1303 572 1348 non
596 1283 679 1348 enim
715 1295 835 1369 oportet
874 1281 957 1370 quod
985 1282 1049 1366 qui

129 1385 256 1458 propter
279 1373 380 1437 Deum
406 1371 530 1457 aliquod
555 1371 612 1437 iter
636 1371 775 1460 arripnit,
787 1371 818 1436 in
832 1372 1050 1458 qualibetpar·

130 1475 159 1525 te
184 1462 299 1527 itineris
323 1459 362 1526 de
384 1459 451 1525 Deo
475 1461 589 1540 cogitet
613 1473 693 1524 actu.
718 1461 805 1526 Patet
827 1475 931 1526 autem
965 1458 1049 1541 quod

129 1549 183 1614 ille
205 1551 258 1636 qui
283 1550 365 1615 uouit
390 1569 423 1614 se
447 1549 562 1633 aliquid
598 1547 749 1614 facturum
788 1549 936 1615 intensius
972 1547 1050 1612 illud

130 1637 227 1704 noluit
249 1659 343 1724 quarn
381 1638 433 1724 qui
472 1635 652 1724 simpliciter
685 1635 787 1704 facere
810 1637 954 1726 disponit3
977 1636 1050 1720 quin

131 1747 196 1792 non
220 1728 320 1794 solum
345 1725 447 1792 lacere
466 1726 577 1804 uoluit,
600 1725 665 1792 scd
679 1727 775 1792 voluit
797 1747 831 1792 se
868 1727 993 1794 firmare
1016 1736 1051 1790 ut

132 1836 196 1880 non
219 1815 364 1882 deficeret
402 1835 419 1878 a
444 1814 595 1882 iaciendo
618 1815 660 1880 Ex
683 1815 773 1881 hac
766 1815 860 1900 igitur
885 1813 1050 1880 uoluntatis

136 1905 309 1970 intensione
332 1903 470 1970 redditur
492 1905 632 1970 exacutio
670 1905 732 1969 voti
766 1925 838 1969 cum
875 1901 1051 1970 intensione

123 1993 267 2079 ¹(tundam
291 1991 453 2058 laudabilis
477 1993 535 2081 (l),
558 1994 649 2058 etiam
675 1992 800 2078 quando
822 1993 965 2059 voluntas
999 1990 1048 2055 uel

133 2101 197 2148 non
228 2095 298 2148 actu
336 2081 473 2147 lectur
466 2102 598 2168 inopus
636 2082 684 2147 tel
718 2081 816 2148 lentur
839 2083 977 2147 remisse.
1000 2078 1051 2144 Sic

128 2189 209 2256 ergo
239 2169 423 2236 laudabilius
446 2169 480 2234 fit
503 2170 586 2256 qnod
609 2190 647 2236 cx
671 2183 742 2234 voto
766 2169 800 2235 fit
836 2191 930 2257 quam
966 2167 1051 2256 quod

134 2259 213 2324 lit
190 2281 259 2326 sine
282 2272 364 2338 ιοιο,
387 2263 516 2324 coeteris
539 2273 643 2323 tamen
666 2258 801 2346 panibus.

408 2433 584 2500 CAPUT
619 2433 777 2502 CXXXlll.

182 2613 273 2695 Quod
293 2633 390 2697 neque
412 2613 523 2678 merita
545 2633 641 2699 neque
662 2623 790 2697 paccata
811 2623 884 2680 eunt
904 2616 1009 2698 pario.

204 2791 246 2857 Ex
271 2790 319 2856 his
343 2802 445 2855 autem
470 2788 665 2856 manifestum
689 2789 840 2876 estquod
864 2810 965 2876 neque
988 2810 1055 2856 om·

139 2881 191 2948 nin
215 2880 295 2946 bona
319 2898 412 2965 opera
436 2898 537 2964 neque
559 2879 663 2944 omnia
686 2891 808 2966 peccata
832 2891 904 2944 sunt
928 2880 1021 2964 naria.

127 3001 129 3008 v
206 2967 374 3034 Consilium
398 2967 482 3032 enim
498 2987 560 3031 non
584 2966 674 3032 datur
697 2969 754 3033 nisi
770 2967 810 3033 de
823 2967 944 3033 meliori
962 2967 1056 3032 bono.

139 3059 259 3124 Dantur
282 3069 386 3121 autem
409 3055 546 3132 consilia,
569 3056 599 3119 in
624 3056 692 3141 lege
715 3057 828 3136 divina,
852 3055 891 3121 de
924 3075 1057 3143 pauper-

126 3158 212 3225 tate,
235 3145 424 3212 continentia
449 3157 479 3209 et
504 3105 570 3210 ιι11ἱι
594 3143 784 3228 hujusmodi,
823 3157 879 3212 ut
875 3165 981 3232 supra
1017 3149 1056 3225 (c.

141 3236 230 3336 120)
245 3233 362 3299 dictum
386 3245 441 3298 eet.
465 3232 546 3298 llaec
571 3233 663 3318 igitur
686 3233 816 3300 meliora
853 3245 927 3300 sunt
966 3253 1060 3318 quam

131 3323 339 3392 matrimonio
362 3323 405 3387 uti
428 3335 458 3386 et
481 3321 660 3408 temporalia
685 3322 853 3408 possidere,
887 3320 1060 3387 secundum

139 3517 148 3572 Ι
182 3443 243 3572 (gg
246 3444 316 3573 ¹Cum
333 3445 476 3502 intensione
506 3443 618 3514 quadam
648 3441 838 3513 laudabilis,
830 3461 848 3499 1.
878 3459 901 3499 c.
932 3445 1062 3499 intensius

150 3531 184 3570 au
237 3531 279 3570 its
977 3556 979 3560 ,
