2372 3966
358 253 415 298 ms.
439 252 479 298 nt.
503 251 566 298 css.
590 253 647 300 rut.
746 267 749 274 ·
904 233 967 302 tot

116 325 191 408 Quia
216 343 292 409 crgo
315 323 442 408 quidam
466 335 637 410 posuerunt
666 321 806 390 ultimam
841 321 967 392 ielioits-

67 427 110 480 tcm
133 415 269 481 bominis
291 432 360 478 esse
384 413 421 476 in
439 411 496 478 bac
519 412 590 488 rita,
613 431 669 498 per
705 413 764 478 hoe
797 413 881 498 quod
914 433 967 480 co-

62 505 165 587 gnoscit
188 504 554 584 substantiassepsratss.
580 500 841 568 considerandum
862 516 909 570 est
932 525 968 570 u·

59 607 125 657 uum
148 594 248 660 bomo
269 591 302 655 in
326 591 384 656 bac
406 589 466 656 uita
489 589 585 677 possit
606 589 791 656 substantias
813 606 968 678 separatas

57 701 245 765 cognoscere.
268 680 333 746 lloc
356 694 459 745 sutem
478 679 693 766 quaestionem
717 679 819 748 babet.
847 680 968 748 intelle·

55 783 111 836 ctus
147 773 236 837 enim
270 782 387 847 noster,
408 767 580 834 seeundum
616 781 729 836 statum
764 783 968 856 praesentem,

54 861 121 925 nibil
145 859 292 944 intelligit
314 859 384 924 sine
408 857 632 942 phantasmate,
655 857 739 944 quod
764 861 803 926 ita
826 879 860 926 se
876 857 970 926 babet

53 949 303 1014 cointellectum
328 945 519 1033 possibilem,
550 967 613 1032 quo
647 947 858 1036 intelligimus,
891 949 970 1016 siout

53 1058 81 1101 sc
102 1037 223 1104 babent
245 1037 365 1102 colores
388 1035 427 1102 atl
451 1036 562 1108 risum,
586 1047 619 1102 ut
642 1049 725 1122 patet
748 1059 785 1104 ex
820 1039 866 1104 bis
889 1057 969 1123 quae

51 1128 75 1189 in
97 1127 238 1192 secundo
252 1126 332 1191 libro
356 1126 403 1208 (c.
426 1123 458 1202 8,
483 1125 525 1192 59
548 1139 578 1188 et
601 1125 670 1210 75)
698 1139 824 1196 tractata
840 1139 921 1194 sunt.
935 1126 966 1192 Si

52 1217 137 1299 igitur
159 1236 219 1303 per
239 1214 449 1299 cognitionem
485 1213 700 1282 intellectivam
738 1236 818 1302 quae
851 1229 897 1284 est
930 1237 968 1283 cx

51 1304 325 1388 phantasmatibus,
355 1303 450 1389 possit
485 1303 647 1389 pervenire
680 1305 789 1392 aliquis
828 1319 967 1372 nostrum

52 1394 84 1458 ad
107 1393 324 1477 intelligendas
346 1393 532 1458 substantias
554 1407 720 1476 separatas,
750 1395 895 1481 possibile
910 1397 968 1460 erit

52 1484 127 1564 quod
151 1483 266 1569 aliquis
288 1481 319 1545 in
343 1482 401 1546 hac
424 1483 482 1546 vita
506 1481 655 1565 intelligat
679 1484 759 1569 ipsas
782 1483 967 1550 substantias

53 1586 216 1657 separatas,
238 1583 269 1636 ct
290 1591 345 1656 per
367 1590 572 1657 consequens.
608 1569 741 1638 videndo
779 1573 860 1658 ipsos
893 1573 967 1638 sub·

54 1663 173 1726 stantius
197 1674 367 1746 separatas,
390 1659 582 1744 participabit
603 1660 733 1726 modum
757 1661 838 1728 illius
861 1663 967 1746 cogni·

53 1749 136 1816 tionis
161 1771 225 1836 qno
246 1748 414 1814 substantia
436 1761 588 1835 separata,
610 1749 783 1834 intelligens
812 1771 857 1825 sc,
880 1750 967 1816 intel·

53 1837 110 1922 ligit
132 1839 248 1904 Deum.
273 1837 304 1902 Si
327 1851 442 1913 autem,
476 1857 531 1923 per
564 1837 772 1921 cognitionem
791 1861 887 1926 ,quae
921 1854 969 1906 est

52 1947 83 1992 cs
104 1927 381 2012 phantasmatibus,
404 1926 489 1992 nullo
513 1925 606 1992 modo
629 1929 724 2012 possit
755 1931 917 2017 pervenire
928 1929 968 1996 ad

53 2016 262 2102 intelligendas
283 2015 468 2082 substantias
490 2028 657 2097 separatas,
690 2037 753 2084 non
791 2022 850 2086 erit
872 2021 968 2103 possi-

54 2103 108 2171 bile
124 2105 211 2192 quod
235 2107 341 2183 bomo,
364 2105 395 2168 in
418 2117 498 2170 statu
537 2103 629 2188 hujus
664 2106 754 2185 ritae,
777 2107 967 2196 praedictum

57 2195 180 2260 modum
206 2194 328 2258 divinae
350 2193 533 2278 cognitionis
556 2208 746 2279 assequatur.

114 2283 209 2367 Quod
231 2297 403 2360 antemos
425 2283 600 2368 cognitione
623 2303 702 2369 quae
724 2297 771 2352 est
793 2303 849 2371 per
871 2285 969 2373 phen-

61 2385 194 2451 tasmota‚
218 2372 257 2436 ad
280 2371 515 2454 intelligendum
538 2372 723 2438 substantias
737 2389 973 2462 separatnsper·

59 2463 158 2527 venire
179 2462 337 2548 possimus
359 2461 463 2564 aliqui·
476 2461 684 2528 diversimode
719 2478 898 2566 posuerunt.
932 2466 971 2529 Α-

56 2549 969 2726 littttt”trittttttttttitt‘tltllittet

57 2745 129 2809 quac
153 2747 210 2815 per
233 2728 447 2813 phantasmata
485 2729 701 2812 cognoscimus
737 2732 897 2816 pertenire
931 2731 986 2796 ad'

58 2813 266 2902 intelligendas
287 2817 472 2883 substantias
494 2831 659 2902 separatas.
696 2818 865 2884 Possumus
888 2821 971 2884 enim

59 2907 170 2971 actione
207 2905 378 2972 intellectus
411 2907 573 2972 extrahere
603 2907 806 2992 quidditatem
839 2910 883 2973 rei
919 2928 971 2974 ou-

58 2989 174 3074 iuslibet
197 2994 341 3061 babeatis
364 2995 566 3081 quidditstem
589 3016 669 3081 quac
693 3009 818 3062 nonest
839 3018 894 3062 sua
918 2997 971 3081 (ll

60 3083 217 3166 quidditas3
255 3098 303 3150 est
336 3087 420 3150 enim
458 3083 628 3150 intellectus
662 3098 752 3152 natus
785 3105 972 3170 cognoscere

61 3255 238 3314 ltcumattiori
256 3261 334 3314 modo
351 3279 429 3332 quanm
449 3262 520 3316 Deus
549 3267 749 3329 cognosceretur
781 3262 868 3332 aliqua
897 3279 973 3333 prec-

63 3328 183 3452 giemum
199 3333 385 3403 cognitionum,
403 3335 499 3388 scilicet
517 3347 565 3402 per
583 3334 831 3388 demonstrationem
861 3351 907 3389 seu
926 3353 973 3406 per

92 3418 146 3542 Ἦ)
179 3471 252 3540 Quuc
269 3491 320 3528 non
338 3483 376 3530 cst
393 3493 441 3530 suo
458 3475 601 3544 quidditus,
621 3478 747 3549 i.e.quae
767 3493 816 3532 non
841 3485 880 3532 cst
898 3479 973 3548 quid·

46 3555 48 3564 ·
65 3539 123 3597 utos
139 3546 218 3615 bujus
235 3547 283 3599 rei.
