2516 3968
222 219 287 285 too
533 235 588 284 tm.
613 238 653 283 tn.
676 237 740 284 ona.
764 235 829 284 cxc.

291 305 466 386 Praeterea,
489 306 749 393 Ubicumquezest
770 304 880 397 aliquis
906 304 1027 374 debitos
1062 308 1141 376 ordo

221 395 261 462 ad
284 396 388 476 linem,
412 412 533 486 oportet
567 396 650 482 qnod
673 393 753 461 ordo
773 395 825 462 ille
847 395 887 461 ad
918 395 1011 462 llnern
1035 396 1143 474 ducat,

222 504 361 552 recessus
384 500 487 552 autem
512 485 550 551 ab
574 484 976 564 ordinatorem-excludas
998 505 1034 552 ea
1053 488 1140 552 enim

153 567 158 575 '
221 593 301 662 qnae
323 587 395 639 snm
417 595 454 640 ex
476 573 539 640 fine
561 575 774 640 necessitatem
797 573 968 643 sortiuntur
989 593 1028 640 ex
1066 575 1140 655 line,

220 676 254 730 ιιι
280 661 394 728 scilicet
416 684 452 728 ea
475 682 602 728 neeesse
625 664 662 728 sit
685 681 763 740 esse,
786 663 811 728 si
826 661 904 728 ,linis
937 661 1051 730 debeat
1088 683 1139 730 se·

219 752 284 838 qui,
307 764 348 828 et,
370 753 414 817 eis
436 751 554 837 absque
576 751 801 838 impedimento
832 751 1043 822 existentibus.
1069 752 1142 819 linis

219 853 434 926 consequatur.
454 840 542 906 ¹Deus
566 854 668 904 autem
683 840 828 926 imposuit
839 839 958 904 actibus
974 841 1140 907 bominum

220 928 365 996 ordinem
386 929 521 1017 aliquem
545 928 576 994 in
600 942 742 1016 respectu
765 927 804 993 ad
828 927 922 994 finem
946 928 1030 1007 boni,
1047 944 1081 996 ut
1101 949 1141 996 ex

220 1017 382 1103 praedictis
406 1031 498 1104 patet.
515 1015 644 1102 Oportet
667 1017 761 1102 igitur
782 1017 876 1104 quod,
909 1017 935 1082 si
973 1019 1050 1083 ordo
1086 1019 1141 1085 ille

220 1120 303 1173 reete
326 1107 446 1194 positus
465 1121 521 1184 est,
543 1107 721 1171 incedentes
746 1105 911 1191 perillum
934 1107 1078 1172 ordinem
1102 1107 1139 1174 t-

219 1216 291 1261 nem
315 1196 388 1262 boni
412 1209 650 1282 consequantur,
674 1195 757 1281 qnod
781 1207 827 1260 est
850 1195 1025 1280 praemiari;
1051 1215 1140 1262 reee-

220 1284 327 1351 dentes
350 1297 453 1350 autem
477 1285 517 1350 ab
539 1283 591 1348 illo
615 1283 724 1348 ordine
748 1297 985 1371 perpessarum
1019 1307 1038 1352 a
1075 1285 1140 1352 line
1197 1333 1202 1345 .

221 1373 295 1440 boni
318 1373 450 1450 excludi,
473 1371 625 1460 quod‘est
648 1371 761 1458 puniri.

266 1462 403 1538 *Adbuc
428 1462 513 1528 Sicut
534 1481 584 1526 res
607 1461 763 1526 naturales
784 1459 886 1526 ordini
909 1460 1030 1528 divinae
1063 1483 1139 1550 pro·

220 1549 373 1634 tridentine
397 1551 582 1628 subduntur,
606 1551 646 1614 ita
670 1563 700 1615 et
736 1562 822 1615 actus
858 1550 996 1630 bomani,
1027 1565 1061 1617 ut
1100 1573 1145 1617 er.

220 1639 382 1726 praedietis
405 1641 446 1726 (o.
470 1640 528 1724 90)
564 1650 657 1726 patet.
682 1638 850 1726 Utrobique
872 1653 975 1705 autern
992 1641 1139 1707 contenit

220 1729 360 1796 debitum
383 1729 524 1794 ordinem
555 1728 670 1796 servasi
709 1727 757 1793 vel
794 1729 885 1792 etiam
924 1729 1139 1814 praetermitte

221 1819 280 1883 boo
303 1831 407 1884 tamen
431 1818 555 1884 interest
577 1816 661 1904 quod
684 1816 858 1882 observatio
873 1815 921 1881 vel
934 1819 1139 1904 transgressio

220 1905 315 1971 debiti
339 1907 455 1972 ordinis
477 1921 522 1971 est
545 1907 575 1970 iu
599 1919 749 1992 potestate
783 1904 937 1970 hnmanae
974 1907 1139 1973 voluntatis

219 1994 394 2074 constituta,
416 2016 478 2060 non
502 2006 604 2059 autem
627 1995 659 2059 in
694 2006 844 2081 potestate
877 1997 1067 2062 naturalium
1090 2015 1139 2062 re·
1235 2005 1236 2062 ἴ

221 2103 291 2149 rum
313 2097 360 2150 est
382 2083 466 2171 quod
489 2103 506 2148 a
530 2083 638 2149 debito
658 2083 767 2148 ordine
791 2081 1005 2151 deliciantis}
1035 2084 1140 2173 ipsum

219 2187 397 2260 sequantur.
420 2171 548 2260 Oportet
570 2185 674 2238 autem
697 2169 822 2237 effectus
851 2173 955 2238 causis
986 2193 1044 2262 per
1063 2194 1140 2240 eou-

221 2263 405 2328 venientiam
423 2261 621 2347 respondere.
645 2259 732 2339 Siout
761 2260 853 2345 igitur
889 2280 940 2326 res
973 2263 1138 2341 naturales,

221 2371 292 2416 oum
316 2351 347 2416 in
369 2351 413 2416 eis
436 2349 557 2416 debitus
580 2349 658 2416 ordo
672 2349 858 2414 naturalium
874 2349 1096 2438 principiorum
1109 2365 1140 2418 et

221 2439 376 2505 actionum
387 2436 1056 2525 servatur,sequiturerneoessitatenaturae
1068 2461 1141 2508 con·

220 2529 352 2594 servatio
367 2541 398 2592 et
413 2527 531 2593 bonum
548 2529 578 2592 in
597 2529 679 2614 ipsis,
690 2527 846 2613 corruptio
858 2539 962 2592 autem
977 2543 1008 2594 et
1021 2527 1141 2596 malum

157 2627 160 2634 '
220 2637 291 2683 cum
315 2637 333 2682 a
356 2616 461 2682 debito
485 2629 515 2681 et
537 2617 667 2680 naturali
691 2615 802 2680 ordine
818 2614 1139 2695 recommemorata

185 2743 187 2748 .
221 2707 252 2772 in
275 2705 367 2773 rebus
391 2704 534 2771 humanis
556 2717 680 2790 oportet
701 2703 795 2790 qnod,
817 2723 889 2768 eum
913 2704 1008 2772 bomo
1030 2707 1140 2774 volun·

220 2796 296 2860 tarie
317 2809 420 2862 servat
441 2792 683 2879 ordinemlegis
707 2792 852 2857 divinitus
875 2793 1048 2880 impositae,
1064 2815 1139 2862 eon·

219 2894 365 2971 ‘sequatur
387 2883 516 2961 bonum,
541 2901 604 2947 non
629 2882 712 2948 velut
734 2901 772 2946 er
795 2881 989 2962 necessitate,
1011 2884 1068 2954 sed
1102 2905 1139 2950 ex

220 2972 448 3060 dispensatione
470 2972 683 3057 gubernantis,
706 2969 791 3056 quod
813 2982 860 3034 est
882 2972 1058 3056 praemiari,
1080 2987 1140 3038 ete

220 3081 371 3130 converso
395 3060 525 3137 malum,
540 3080 613 3128 eum
640 3059 718 3126 ordo
743 3057 820 3144 legis
844 3057 1142 3149 lueritpraetermis·

221 3149 624 3236 &mmmmm

287 3239 436 3326 Amplius,
460 3238 505 3303 dd
530 3237 701 3326 perlectam
722 3236 779 3304 Dei
804 3237 973 3306 bonitatem
1010 3241 1141 3326 pertinet

221 3328 305 3416 quod
328 3327 405 3394 nibil
429 3327 637 3393 inordinatum
658 3327 689 3391 in
724 3327 818 3394 rebus
853 3327 1014 3416 relinqure
1047 3329 1140 3407 nude,

222 3418 253 3482 in
277 3417 371 3484 rebus
394 3416 584 3482 naturalibus
609 3414 749 3481 videmus
760 3415 940 3503 contingere
951 3416 1035 3504 quod
1047 3437 1142 3483 omne

223 3505 342 3572 malum
361 3504 420 3571 sub
442 3504 551 3582 ordine
574 3501 711 3590 alicuius,
725 3503 813 3572 boni·
838 3506 1041 3586 omoluditun
1064 3507 1141 3575 siout
