2494 3970
456 263 513 309 tut.
536 266 578 310 tu.
602 264 665 310 cin.
691 265 727 309 tv.
992 245 1032 310 tc

110 332 260 398 dixerunt:
285 332 405 398 tionum
428 333 579 418 estquod
602 335 706 400 omnio
729 345 889 416 oppetunt
911 346 942 399 et
958 334 1034 400 Dio·

108 423 214 507 nysius
237 421 293 507 (de
313 422 416 487 Divin.
439 421 575 500 Nomio„
597 445 624 488 c.
649 424 685 510 d)
709 423 782 488 dicit
805 424 890 510 quod
929 426 1034 488 otnnin

109 510 222 577 benum
244 523 273 577 et
295 513 445 596 optimum
467 513 692 591 concupiscunt.

442 687 612 754 CAPUT
653 689 699 758 tv.

145 829 236 910 Quod
258 829 377 928 metum
400 839 448 894 est
467 839 593 912 praeter
618 831 818 896 intentionem
841 833 874 896 in
896 829 996 898 rebus.

175 951 217 1016 En
240 951 299 1016 hoc
321 963 425 1016 eutem
449 963 579 1037 opponet
603 952 686 1037 quod
710 952 827 1018 mnium
851 967 897 1018 est
913 966 1034 1040 praeter

105 1041 312 1105 intentionem
338 1040 369 1104 in
393 1039 486 1104 rebus
510 1039 562 1127 (t)
585 1040 745 1106 et-incidit
772 1057 895 1128 praeter
934 1043 1034 1107 inten-

104 1131 224 1195 tionem
249 1129 406 1214 egentium
438 1127 500 1214 (i).

172 1218 265 1300 Quod
303 1217 386 1283 euim
411 1237 448 1282 ex
486 1217 607 1284 actione
643 1218 844 1305 consequitur
876 1218 1033 1286 diversum

101 1306 143 1372 ab
166 1327 207 1372 eo
229 1305 314 1394 quod
337 1319 403 1372 emt
427 1307 458 1370 in
494 1307 668 1373 intentione
701 1309 765 1372 sive
805 1310 957 1374 intentum
993 1309 1032 1372 ab

101 1410 227 1480 egente,
251 1394 448 1481 menifestum
473 1409 520 1460 est
555 1409 677 1481 praeter
713 1397 916 1462 intentionem
952 1399 1035 1463 ocei-

101 1485 191 1552 dene.
214 1485 327 1550 Melum
351 1497 455 1550 eutem
478 1483 635 1549 diversum
658 1499 705 1550 est
727 1507 745 1550 a
769 1485 852 1551 bono
880 1487 964 1572 quod
988 1487 1034 1551 in-

101 1574 205 1639 tendit
226 1592 320 1638 omne
343 1593 448 1658 egens.
473 1573 523 1638 Est
553 1573 663 1666 igitur¹
687 1574 804 1639 melum
840 1589 962 1661 praeter
985 1576 1033 1640 in·

103 1664 278 1728 tentionem
302 1663 457 1728 eveniens.

174 1753 263 1828 ltem,
287 1751 433 1818 Deiectus
456 1752 487 1816 in
510 1750 621 1816 effectu
646 1765 676 1817 et
700 1752 820 1818 neticne
833 1753 1034 1839 consequitur

102 1839 420 1928 eliquem'desectum
443 1841 476 1906 in
511 1840 670 1928 principiis
705 1831 844 1921 neudum,
882 1845 961 1908 sieut
995 1863 1033 1908 ex
1065 1919 1067 1924 ¹

104 1931 212 2016 alique
235 1929 433 2017 conruptione
467 1929 593 1994 seminis
630 1933 768 2018 sequitur
804 1946 908 2019 partus
944 1953 1032 1997 mon-

103 2033 256 2095 struosus,
280 2031 370 2084 etex
393 2019 540 2084 curvitate
563 2021 661 2084 cruris
684 2020 823 2107 sequitur
839 2020 1031 2086 claudicatio.

101 2109 207 2196 Agens
230 2121 332 2174 nutem
346 2107 408 2192 egit
431 2106 605 2172 secundum
631 2109 715 2195 quod
739 2109 834 2175 hebet
856 2109 896 2175 de
920 2110 1033 2175 virtute

101 2197 216 2272 activa,
228 2217 290 2262 nco
313 2196 484 2262 secundum
501 2196 531 2260 id
548 2196 632 2281 quod
647 2196 802 2264 deiectum
819 2199 938 2264 virtutis
955 2202 1032 2284 peti-

102 2285 351 2364 tur;seettndum
374 2301 477 2350 eutem
501 2285 585 2371 quod
608 2287 681 2371 ugit,
705 2289 749 2353 sio
770 2287 902 2352 intendit
925 2287 1031 2354 finem.

103 2374 240 2440 lntendit
262 2375 355 2459 igitur
377 2372 472 2439 finem
496 2375 797 2462 correspondentem
811 2377 926 2453 virtuti3
948 2378 1033 2462 quod

102 2465 200 2550 igitur
221 2465 360 2550 sequitur
398 2463 591 2550 respondens
634 2464 767 2531 defectui
807 2466 937 2544 virtutis,
974 2468 1033 2531 erit

160 2620 200 2689 (i)
220 2618 389 2672 intentionem
406 2621 436 2672 io
453 2620 539 2674 rebus.
556 2647 591 2660 -
627 2619 741 2674 intentio
758 2623 785 2674 in
803 2623 1032 2677 nebuscstettnum

106 2692 237 2745 naturalis
255 2691 400 2760 dispositio,
425 2707 493 2760 quoe
508 2691 626 2744 consistit
643 2692 671 2744 iu
690 2693 740 2746 hoc
758 2693 830 2764 quod
861 2704 937 2748 nocue
970 2700 1033 2746 sunt

106 2769 134 2814 et
153 2763 250 2816 debent
267 2762 372 2816 hebere.

156 2833 197 2904 ti)
215 2833 311 2888 Incidit
326 2837 430 2900 praeter
446 2835 616 2886 intentionem
645 2838 786 2906 tepentium.
820 2863 854 2875 -
885 2837 1032 2905 diiquundo

107 2903 140 2958 fit
157 2911 188 2957 ut
204 2907 303 2960 metum
321 2906 349 2957 in
367 2904 447 2958 rebus
463 2921 519 2958 esse
539 2906 659 2960 videntur
689 2909 833 2962 secundum
860 2908 1032 2960 intentionem

107 2977 251 3046 egentium
269 2993 294 3031 v.
312 2992 349 3046 pu,
370 2975 397 3028 in
416 2977 565 3030 voluntario
583 2977 729 3046 homicidio,
754 2978 867 3048 privatio
896 2979 966 3031 vitoe
983 2993 1032 3032 seu

106 3061 190 3113 mers,
209 3063 277 3118 quae
295 3054 335 3100 est
360 3046 468 3114 mnium,
486 3048 576 3100 incidit
594 3049 621 3101 in
638 3051 721 3102 occiso
739 3049 883 3102 seeundum
908 3050 1033 3102 intentio·

106 3134 166 3172 nem
184 3119 333 3184 occidentis
352 3118 398 3170 sed
416 3119 494 3170 etiem
515 3125 578 3171 tunc
596 3135 688 3173 verum
707 3128 747 3174 est
764 3121 852 3173 dicere
872 3121 919 3174 hoo
931 3122 1031 3185 malunt

106 3204 164 3244 esse
181 3197 287 3261 pmeten
304 3189 474 3244 intentionem
493 3191 601 3258 egentis,
618 3206 678 3243 cum
696 3192 814 3245 occidens
838 3207 891 3245 non
921 3200 1033 3262 quaeret

107 3261 228 3319 absolute
248 3262 347 3316 melum
373 3261 490 3326 atterius,
505 3261 564 3320 ,sed
594 3263 681 3330 potius
711 3279 789 3316 suum
817 3265 954 3334 propt-ium
985 3264 1031 3317 bc·

83 3333 267 3406 „nunuquod
285 3348 318 3386 ex
336 3332 401 3386 tetsa
419 3337 466 3384 eut
481 3332 551 3400 juste
576 3334 756 3388 aestimatione
785 3334 863 3404 ponit
891 3337 918 3388 in
946 3341 1032 3388 monte

107 3405 215 3473 inimici,
232 3411 260 3458 et
296 3403 348 3456 uod
370 3403 481 3456 ulterius
510 3405 619 3474 appetit.
649 3405 682 3457 Et
711 3406 748 3458 sic
773 3405 926 3460 verificetur
955 3423 984 3458 ee
1005 3405 1032 3458 S.

107 3475 224 3598 'pi‘itpmne
242 3420 361 3530 dednitio
385 3475 395 3545 t
415 3473 448 3529 ci.
478 3474 556 3547 inim,
587 3491 608 3534 c.
639 3475 694 3549 6);
725 3475 840 3534 intentio
873 3485 912 3532 est
942 3477 1033 3530 ultimi

130 3563 177 3603 nis.
814 3583 817 3591 ·
933 3567 957 3588 ·-·-
1024 3578 1027 3584 ,
