<?xml version="1.0" encoding="UTF-8"?>
<!DOCTYPE html PUBLIC "-//W3C//DTD XHTML 1.0 Transitional//EN"
    "http://www.w3.org/TR/xhtml1/DTD/xhtml1-transitional.dtd">
<html xmlns="http://www.w3.org/1999/xhtml" xml:lang="en" lang="en">
 <head>
  <title>
</title>
<meta http-equiv="Content-Type" content="text/html;charset=utf-8" />
  <meta name='ocr-system' content='tesseract 3.04.00' />
  <meta name='ocr-capabilities' content='ocr_page ocr_carea ocr_par ocr_line ocrx_word'/>
</head>
<body>
  <div class='ocr_page' id='page_1' title='image "./sanctithomaeaqu00thomgoog_0457.png"; bbox 0 0 2516 3968; ppageno 0'>
   <div class='ocr_carea' id='block_1_1' title="bbox 130 207 1243 3492">
    <p class='ocr_par' dir='ltr' id='par_1_1' title="bbox 130 207 870 274">
     <span class='ocr_line' id='line_1_1' title="bbox 130 207 870 274; baseline 0 -2"><span class='ocrx_word' id='word_1_1' title='bbox 130 252 132 256; x_wconf 90' lang='lat'><em>-</em></span> <span class='ocrx_word' id='word_1_2' title='bbox 234 207 300 272; x_wconf 67' lang='grc' dir='ltr'><strong>ἰδ’]</strong></span> <span class='ocrx_word' id='word_1_3' title='bbox 545 227 599 273; x_wconf 80' lang='lat' dir='ltr'><strong>arn.</strong></span> <span class='ocrx_word' id='word_1_4' title='bbox 625 229 665 272; x_wconf 88' lang='lat' dir='ltr'><strong>vu.</strong></span> <span class='ocrx_word' id='word_1_5' title='bbox 687 227 751 274; x_wconf 79' lang='lat' dir='ltr'><strong>clv.</strong></span> <span class='ocrx_word' id='word_1_6' title='bbox 775 226 870 274; x_wconf 80' lang='lat' dir='ltr'><strong>crau.</strong></span> 
     </span>
    </p>

    <p class='ocr_par' dir='ltr' id='par_1_2' title="bbox 234 293 1160 1361">
     <span class='ocr_line' id='line_1_2' title="bbox 304 293 1156 382; baseline -0.004 -21"><span class='ocrx_word' id='word_1_7' title='bbox 304 293 467 378; x_wconf 79' lang='lat' dir='ltr'><strong>Quaelibet</strong></span> <span class='ocrx_word' id='word_1_8' title='bbox 489 298 572 362; x_wconf 93' lang='lat' dir='ltr'><strong>enim</strong></span> <span class='ocrx_word' id='word_1_9' title='bbox 597 317 647 362; x_wconf 86' lang='lat' dir='ltr'><strong>res</strong></span> <span class='ocrx_word' id='word_1_10' title='bbox 670 296 707 360; x_wconf 93' lang='lat' dir='ltr'><strong>ad</strong></span> <span class='ocrx_word' id='word_1_11' title='bbox 738 296 770 362; x_wconf 93' lang='lat' dir='ltr'><strong>id</strong></span> <span class='ocrx_word' id='word_1_12' title='bbox 807 295 891 382; x_wconf 85' lang='lat' dir='ltr'><strong>quod</strong></span> <span class='ocrx_word' id='word_1_13' title='bbox 925 313 1016 382; x_wconf 89' lang='lat' dir='ltr'><strong>supra</strong></span> <span class='ocrx_word' id='word_1_14' title='bbox 1055 293 1156 379; x_wconf 85' lang='lat' dir='ltr'><strong>ipsam</strong></span> 
     </span>
     <span class='ocr_line' id='line_1_3' title="bbox 236 385 1158 452; baseline -0.007 -1"><span class='ocrx_word' id='word_1_15' title='bbox 236 397 282 452; x_wconf 84' lang='lat' dir='ltr'><strong>cst</strong></span> <span class='ocrx_word' id='word_1_16' title='bbox 304 385 501 451; x_wconf 69' lang='lat' dir='ltr'><strong>materialiter</strong></span> <span class='ocrx_word' id='word_1_17' title='bbox 524 405 557 451; x_wconf 91' lang='lat' dir='ltr'><strong>sc</strong></span> <span class='ocrx_word' id='word_1_18' title='bbox 580 386 682 452; x_wconf 88' lang='lat' dir='ltr'><strong>habet.</strong></span> <span class='ocrx_word' id='word_1_19' title='bbox 705 386 829 451; x_wconf 78' lang='lat' dir='ltr'><strong>Materia</strong></span> <span class='ocrx_word' id='word_1_20' title='bbox 853 396 1029 450; x_wconf 88' lang='lat' dir='ltr'><strong>autemnon</strong></span> <span class='ocrx_word' id='word_1_21' title='bbox 1053 397 1158 447; x_wconf 87' lang='lat' dir='ltr'><strong>movet</strong></span> 
     </span>
     <span class='ocr_line' id='line_1_4' title="bbox 234 471 1158 562; baseline -0.008 -22"><span class='ocrx_word' id='word_1_22' title='bbox 234 475 368 562; x_wconf 78' lang='lat' dir='ltr'><strong>seipsam</strong></span> <span class='ocrx_word' id='word_1_23' title='bbox 392 473 431 538; x_wconf 91' lang='lat' dir='ltr'><strong>ad</strong></span> <span class='ocrx_word' id='word_1_24' title='bbox 453 495 541 540; x_wconf 89' lang='lat' dir='ltr'><strong>suam</strong></span> <span class='ocrx_word' id='word_1_25' title='bbox 565 473 795 562; x_wconf 71' lang='lat' dir='ltr'><strong>perfectionem,</strong></span> <span class='ocrx_word' id='word_1_26' title='bbox 828 473 884 538; x_wconf 90' lang='lat' dir='ltr'><strong>sed</strong></span> <span class='ocrx_word' id='word_1_27' title='bbox 922 485 1040 559; x_wconf 86' lang='lat' dir='ltr'><strong>oportet</strong></span> <span class='ocrx_word' id='word_1_28' title='bbox 1073 471 1158 556; x_wconf 86' lang='lat' dir='ltr'><strong>quod</strong></span> 
     </span>
     <span class='ocr_line' id='line_1_5' title="bbox 235 559 1159 648; baseline -0.005 -20"><span class='ocrx_word' id='word_1_29' title='bbox 235 561 275 629; x_wconf 90' lang='lat' dir='ltr'><strong>ab</strong></span> <span class='ocrx_word' id='word_1_30' title='bbox 298 562 359 628; x_wconf 86' lang='lat' dir='ltr'><strong>alio</strong></span> <span class='ocrx_word' id='word_1_31' title='bbox 382 576 552 628; x_wconf 89' lang='lat' dir='ltr'><strong>moveatur.</strong></span> <span class='ocrx_word' id='word_1_32' title='bbox 575 564 676 629; x_wconf 87' lang='lat' dir='ltr'><strong>Homo</strong></span> <span class='ocrx_word' id='word_1_33' title='bbox 698 564 790 648; x_wconf 76' lang='lat' dir='ltr'><strong>igitur</strong></span> <span class='ocrx_word' id='word_1_34' title='bbox 813 583 876 628; x_wconf 92' lang='lat' dir='ltr'><strong>non</strong></span> <span class='ocrx_word' id='word_1_35' title='bbox 898 575 1001 628; x_wconf 89' lang='lat' dir='ltr'><strong>movet</strong></span> <span class='ocrx_word' id='word_1_36' title='bbox 1022 559 1159 646; x_wconf 87' lang='lat' dir='ltr'><strong>seipsum</strong></span> 
     </span>
     <span class='ocr_line' id='line_1_6' title="bbox 236 649 1156 740; baseline -0.005 -23"><span class='ocrx_word' id='word_1_37' title='bbox 236 651 276 717; x_wconf 87' lang='lat' dir='ltr'><strong>ad</strong></span> <span class='ocrx_word' id='word_1_38' title='bbox 300 651 359 718; x_wconf 89' lang='lat' dir='ltr'><strong>hoc</strong></span> <span class='ocrx_word' id='word_1_39' title='bbox 381 653 465 738; x_wconf 91' lang='lat' dir='ltr'><strong>quod</strong></span> <span class='ocrx_word' id='word_1_40' title='bbox 489 653 674 740; x_wconf 84' lang='lat' dir='ltr'><strong>adipiscatur</strong></span> <span class='ocrx_word' id='word_1_41' title='bbox 701 653 839 717; x_wconf 91' lang='lat' dir='ltr'><strong>divinum</strong></span> <span class='ocrx_word' id='word_1_42' title='bbox 877 649 1035 726; x_wconf 82' lang='lat' dir='ltr'><strong>auxilium,</strong></span> <span class='ocrx_word' id='word_1_43' title='bbox 1072 649 1156 733; x_wconf 88' lang='lat' dir='ltr'><strong>quod</strong></span> 
     </span>
     <span class='ocr_line' id='line_1_7' title="bbox 237 738 1157 828; baseline -0.009 -20"><span class='ocrx_word' id='word_1_44' title='bbox 237 759 329 827; x_wconf 83' lang='lat' dir='ltr'><strong>supra</strong></span> <span class='ocrx_word' id='word_1_45' title='bbox 354 741 454 827; x_wconf 88' lang='lat' dir='ltr'><strong>ipsum</strong></span> <span class='ocrx_word' id='word_1_46' title='bbox 478 754 535 821; x_wconf 84' lang='lat' dir='ltr'><strong>eet,</strong></span> <span class='ocrx_word' id='word_1_47' title='bbox 557 742 612 806; x_wconf 90' lang='lat' dir='ltr'><strong>sed</strong></span> <span class='ocrx_word' id='word_1_48' title='bbox 636 741 737 828; x_wconf 87' lang='lat' dir='ltr'><strong>potius</strong></span> <span class='ocrx_word' id='word_1_49' title='bbox 759 742 798 806; x_wconf 90' lang='lat' dir='ltr'><strong>ad</strong></span> <span class='ocrx_word' id='word_1_50' title='bbox 833 741 893 806; x_wconf 90' lang='lat' dir='ltr'><strong>hoo</strong></span> <span class='ocrx_word' id='word_1_51' title='bbox 926 738 1157 824; x_wconf 87' lang='lat' dir='ltr'><strong>adipiscendum</strong></span> 
     </span>
     <span class='ocr_line' id='line_1_8' title="bbox 237 825 1160 912; baseline -0.005 -18"><span class='ocrx_word' id='word_1_52' title='bbox 237 830 346 894; x_wconf 78' lang='lat' dir='ltr'><strong>clleo</strong></span> <span class='ocrx_word' id='word_1_53' title='bbox 369 845 518 894; x_wconf 87' lang='lat' dir='ltr'><strong>movetur.</strong></span> <span class='ocrx_word' id='word_1_54' title='bbox 546 829 638 896; x_wconf 82' lang='lat' dir='ltr'><strong>llotio</strong></span> <span class='ocrx_word' id='word_1_55' title='bbox 676 843 779 896; x_wconf 83' lang='lat' dir='ltr'><strong>auteur</strong></span> <span class='ocrx_word' id='word_1_56' title='bbox 818 829 969 894; x_wconf 84' lang='lat' dir='ltr'><strong>moventis</strong></span> <span class='ocrx_word' id='word_1_57' title='bbox 1003 825 1160 912; x_wconf 87' lang='lat' dir='ltr'><strong>praecedit</strong></span> 
     </span>
     <span class='ocr_line' id='line_1_9' title="bbox 237 916 1159 1001; baseline -0.007 -18"><span class='ocrx_word' id='word_1_58' title='bbox 237 932 357 983; x_wconf 90' lang='lat' dir='ltr'><strong>motum</strong></span> <span class='ocrx_word' id='word_1_59' title='bbox 381 919 514 998; x_wconf 86' lang='lat' dir='ltr'><strong>mobilis,</strong></span> <span class='ocrx_word' id='word_1_60' title='bbox 536 921 655 986; x_wconf 85' lang='lat' dir='ltr'><strong>ratione</strong></span> <span class='ocrx_word' id='word_1_61' title='bbox 677 933 707 985; x_wconf 93' lang='lat' dir='ltr'><strong>et</strong></span> <span class='ocrx_word' id='word_1_62' title='bbox 729 938 832 985; x_wconf 87' lang='lat' dir='ltr'><strong>causa.</strong></span> <span class='ocrx_word' id='word_1_63' title='bbox 869 917 937 982; x_wconf 91' lang='lat' dir='ltr'><strong>Nou</strong></span> <span class='ocrx_word' id='word_1_64' title='bbox 972 916 1063 1000; x_wconf 77' lang='lat' dir='ltr'><strong>igitur</strong></span> <span class='ocrx_word' id='word_1_65' title='bbox 1087 935 1159 1001; x_wconf 91' lang='lat' dir='ltr'><strong>pro-</strong></span> 
     </span>
     <span class='ocr_line' id='line_1_10' title="bbox 238 1007 1158 1093; baseline -0.003 -23"><span class='ocrx_word' id='word_1_66' title='bbox 238 1021 306 1093; x_wconf 89' lang='lat' dir='ltr'><strong>pter</strong></span> <span class='ocrx_word' id='word_1_67' title='bbox 329 1007 388 1072; x_wconf 84' lang='lat' dir='ltr'><strong>lroc</strong></span> <span class='ocrx_word' id='word_1_68' title='bbox 411 1007 502 1072; x_wconf 91' lang='lat' dir='ltr'><strong>datur</strong></span> <span class='ocrx_word' id='word_1_69' title='bbox 520 1009 609 1074; x_wconf 86' lang='lat' dir='ltr'><strong>uobis</strong></span> <span class='ocrx_word' id='word_1_70' title='bbox 632 1009 779 1074; x_wconf 81' lang='lat' dir='ltr'><strong>arrsilium</strong></span> <span class='ocrx_word' id='word_1_71' title='bbox 817 1007 955 1071; x_wconf 90' lang='lat' dir='ltr'><strong>divinum</strong></span> <span class='ocrx_word' id='word_1_72' title='bbox 994 1009 1065 1090; x_wconf 85' lang='lat' dir='ltr'><strong>quia</strong></span> <span class='ocrx_word' id='word_1_73' title='bbox 1100 1024 1158 1068; x_wconf 90' lang='lat' dir='ltr'><strong>nos</strong></span> 
     </span>
     <span class='ocr_line' id='line_1_11' title="bbox 238 1092 1158 1185; baseline -0.004 -25"><span class='ocrx_word' id='word_1_74' title='bbox 238 1095 277 1160; x_wconf 80' lang='lat' dir='ltr'><strong>ad</strong></span> <span class='ocrx_word' id='word_1_75' title='bbox 301 1093 376 1160; x_wconf 92' lang='lat' dir='ltr'><strong>illud</strong></span> <span class='ocrx_word' id='word_1_76' title='bbox 400 1117 455 1182; x_wconf 86' lang='lat' dir='ltr'><strong>per</strong></span> <span class='ocrx_word' id='word_1_77' title='bbox 479 1096 559 1162; x_wconf 88' lang='lat' dir='ltr'><strong>bonu</strong></span> <span class='ocrx_word' id='word_1_78' title='bbox 583 1118 677 1184; x_wconf 87' lang='lat' dir='ltr'><strong>opera</strong></span> <span class='ocrx_word' id='word_1_79' title='bbox 702 1115 935 1185; x_wconf 86' lang='lat' dir='ltr'><strong>promovemur,</strong></span> <span class='ocrx_word' id='word_1_80' title='bbox 962 1095 1019 1160; x_wconf 87' lang='lat' dir='ltr'><strong>sed</strong></span> <span class='ocrx_word' id='word_1_81' title='bbox 1057 1092 1158 1178; x_wconf 86' lang='lat' dir='ltr'><strong>potius</strong></span> 
     </span>
     <span class='ocr_line' id='line_1_12' title="bbox 238 1181 1159 1274; baseline -0.003 -26"><span class='ocrx_word' id='word_1_82' title='bbox 238 1204 296 1248; x_wconf 92' lang='lat' dir='ltr'><strong>uos</strong></span> <span class='ocrx_word' id='word_1_83' title='bbox 319 1184 390 1250; x_wconf 90' lang='lat' dir='ltr'><strong>ideo</strong></span> <span class='ocrx_word' id='word_1_84' title='bbox 412 1205 468 1271; x_wconf 90' lang='lat' dir='ltr'><strong>per</strong></span> <span class='ocrx_word' id='word_1_85' title='bbox 491 1185 572 1252; x_wconf 83' lang='lat' dir='ltr'><strong>buria</strong></span> <span class='ocrx_word' id='word_1_86' title='bbox 603 1207 697 1274; x_wconf 90' lang='lat' dir='ltr'><strong>opera</strong></span> <span class='ocrx_word' id='word_1_87' title='bbox 736 1186 915 1273; x_wconf 90' lang='lat' dir='ltr'><strong>proficimus</strong></span> <span class='ocrx_word' id='word_1_88' title='bbox 948 1183 1020 1270; x_wconf 90' lang='lat' dir='ltr'><strong>quia</strong></span> <span class='ocrx_word' id='word_1_89' title='bbox 1054 1181 1159 1246; x_wconf 91' lang='lat' dir='ltr'><strong>divino</strong></span> 
     </span>
     <span class='ocr_line' id='line_1_13' title="bbox 239 1272 601 1361; baseline 0.011 -25"><span class='ocrx_word' id='word_1_90' title='bbox 239 1272 352 1338; x_wconf 84' lang='lat' dir='ltr'><strong>auxilio</strong></span> <span class='ocrx_word' id='word_1_91' title='bbox 375 1276 601 1361; x_wconf 83' lang='lat' dir='ltr'><strong>praevenimur.</strong></span> 
     </span>
    </p>

    <p class='ocr_par' dir='ltr' id='par_1_3' title="bbox 238 1358 1160 2515">
     <span class='ocr_line' id='line_1_14' title="bbox 305 1358 1158 1448; baseline -0.005 -22"><span class='ocrx_word' id='word_1_92' title='bbox 305 1361 423 1442; x_wconf 81' lang='lat' dir='ltr'><strong>Adbuc,</strong></span> <span class='ocrx_word' id='word_1_93' title='bbox 446 1365 546 1448; x_wconf 76' lang='lat' dir='ltr'><strong>Agens</strong></span> <span class='ocrx_word' id='word_1_94' title='bbox 579 1362 811 1428; x_wconf 86' lang='lat' dir='ltr'><strong>instrumentalc</strong></span> <span class='ocrx_word' id='word_1_95' title='bbox 845 1382 908 1426; x_wconf 89' lang='lat' dir='ltr'><strong>uon</strong></span> <span class='ocrx_word' id='word_1_96' title='bbox 944 1358 1080 1446; x_wconf 80' lang='lat' dir='ltr'><strong>disponit</strong></span> <span class='ocrx_word' id='word_1_97' title='bbox 1118 1358 1158 1422; x_wconf 89' lang='lat' dir='ltr'><strong>ad</strong></span> 
     </span>
     <span class='ocr_line' id='line_1_15' title="bbox 238 1449 1158 1538; baseline -0.003 -23"><span class='ocrx_word' id='word_1_98' title='bbox 238 1449 459 1536; x_wconf 81' lang='lat' dir='ltr'><strong>perfectionem</strong></span> <span class='ocrx_word' id='word_1_99' title='bbox 485 1452 695 1518; x_wconf 88' lang='lat' dir='ltr'><strong>inducendam</strong></span> <span class='ocrx_word' id='word_1_100' title='bbox 718 1473 733 1516; x_wconf 91' lang='lat' dir='ltr'><strong>a</strong></span> <span class='ocrx_word' id='word_1_101' title='bbox 759 1449 921 1538; x_wconf 89' lang='lat' dir='ltr'><strong>principali</strong></span> <span class='ocrx_word' id='word_1_102' title='bbox 944 1462 1067 1534; x_wconf 77' lang='lat' dir='ltr'><strong>agente,</strong></span> <span class='ocrx_word' id='word_1_103' title='bbox 1099 1450 1158 1512; x_wconf 86' lang='lat' dir='ltr'><strong>nisi</strong></span> 
     </span>
     <span class='ocr_line' id='line_1_16' title="bbox 239 1537 1160 1627; baseline -0.001 -24"><span class='ocrx_word' id='word_1_104' title='bbox 239 1539 409 1605; x_wconf 86' lang='lat' dir='ltr'><strong>secundum</strong></span> <span class='ocrx_word' id='word_1_105' title='bbox 434 1541 517 1627; x_wconf 93' lang='lat' dir='ltr'><strong>quod</strong></span> <span class='ocrx_word' id='word_1_106' title='bbox 541 1544 604 1626; x_wconf 79' lang='lat' dir='ltr'><strong>agit</strong></span> <span class='ocrx_word' id='word_1_107' title='bbox 625 1561 662 1605; x_wconf 87' lang='lat' dir='ltr'><strong>ex</strong></span> <span class='ocrx_word' id='word_1_108' title='bbox 687 1542 796 1606; x_wconf 88' lang='lat' dir='ltr'><strong>virtute</strong></span> <span class='ocrx_word' id='word_1_109' title='bbox 820 1539 993 1626; x_wconf 85' lang='lat' dir='ltr'><strong>principalis</strong></span> <span class='ocrx_word' id='word_1_110' title='bbox 1028 1537 1160 1621; x_wconf 68' lang='lat' dir='ltr'><strong>agentim</strong></span> 
     </span>
     <span class='ocr_line' id='line_1_17' title="bbox 240 1627 1157 1717; baseline -0.001 -27"><span class='ocrx_word' id='word_1_111' title='bbox 240 1629 319 1692; x_wconf 81' lang='lat' dir='ltr'><strong>sicut</strong></span> <span class='ocrx_word' id='word_1_112' title='bbox 342 1629 426 1694; x_wconf 87' lang='lat' dir='ltr'><strong>calor</strong></span> <span class='ocrx_word' id='word_1_113' title='bbox 448 1631 527 1714; x_wconf 79' lang='lat' dir='ltr'><strong>iguis</strong></span> <span class='ocrx_word' id='word_1_114' title='bbox 550 1651 612 1695; x_wconf 91' lang='lat' dir='ltr'><strong>uon</strong></span> <span class='ocrx_word' id='word_1_115' title='bbox 636 1630 733 1715; x_wconf 79' lang='lat' dir='ltr'><strong>magis</strong></span> <span class='ocrx_word' id='word_1_116' title='bbox 756 1643 918 1717; x_wconf 88' lang='lat' dir='ltr'><strong>praeparat</strong></span> <span class='ocrx_word' id='word_1_117' title='bbox 940 1627 1101 1692; x_wconf 86' lang='lat' dir='ltr'><strong>materiam</strong></span> <span class='ocrx_word' id='word_1_118' title='bbox 1118 1628 1157 1690; x_wconf 87' lang='lat' dir='ltr'><strong>ad</strong></span> 
     </span>
     <span class='ocr_line' id='line_1_18' title="bbox 239 1714 1157 1806; baseline -0.002 -26"><span class='ocrx_word' id='word_1_119' title='bbox 239 1714 371 1782; x_wconf 84' lang='lat' dir='ltr'><strong>sormam</strong></span> <span class='ocrx_word' id='word_1_120' title='bbox 395 1720 496 1784; x_wconf 88' lang='lat' dir='ltr'><strong>curuis</strong></span> <span class='ocrx_word' id='word_1_121' title='bbox 519 1739 612 1806; x_wconf 85' lang='lat' dir='ltr'><strong>quam</strong></span> <span class='ocrx_word' id='word_1_122' title='bbox 646 1719 685 1784; x_wconf 87' lang='lat' dir='ltr'><strong>ad</strong></span> <span class='ocrx_word' id='word_1_123' title='bbox 723 1718 815 1784; x_wconf 91' lang='lat' dir='ltr'><strong>aliam</strong></span> <span class='ocrx_word' id='word_1_124' title='bbox 854 1717 996 1795; x_wconf 86' lang='lat' dir='ltr'><strong>sormam,</strong></span> <span class='ocrx_word' id='word_1_125' title='bbox 1031 1715 1089 1780; x_wconf 85' lang='lat' dir='ltr'><strong>uisi</strong></span> <span class='ocrx_word' id='word_1_126' title='bbox 1125 1715 1157 1778; x_wconf 93' lang='lat' dir='ltr'><strong>iu</strong></span> 
     </span>
     <span class='ocr_line' id='line_1_19' title="bbox 240 1806 1158 1892; baseline -0.003 -22"><span class='ocrx_word' id='word_1_127' title='bbox 240 1820 390 1891; x_wconf 87' lang='lat' dir='ltr'><strong>quantum</strong></span> <span class='ocrx_word' id='word_1_128' title='bbox 414 1807 476 1892; x_wconf 77' lang='lat' dir='ltr'><strong>agit</strong></span> <span class='ocrx_word' id='word_1_129' title='bbox 499 1808 530 1872; x_wconf 94' lang='lat' dir='ltr'><strong>iu</strong></span> <span class='ocrx_word' id='word_1_130' title='bbox 553 1809 663 1873; x_wconf 87' lang='lat' dir='ltr'><strong>virtute</strong></span> <span class='ocrx_word' id='word_1_131' title='bbox 687 1808 818 1873; x_wconf 82' lang='lat' dir='ltr'><strong>animae.</strong></span> <span class='ocrx_word' id='word_1_132' title='bbox 841 1807 902 1872; x_wconf 89' lang='lat' dir='ltr'><strong>Sed</strong></span> <span class='ocrx_word' id='word_1_133' title='bbox 926 1806 1028 1872; x_wconf 88' lang='lat' dir='ltr'><strong>anima</strong></span> <span class='ocrx_word' id='word_1_134' title='bbox 1051 1815 1158 1869; x_wconf 83' lang='lat' dir='ltr'><strong>nostra</strong></span> 
     </span>
     <span class='ocr_line' id='line_1_20' title="bbox 240 1892 1159 1982; baseline -0.001 -25"><span class='ocrx_word' id='word_1_135' title='bbox 240 1907 385 1978; x_wconf 86' lang='lat' dir='ltr'><strong>operatur</strong></span> <span class='ocrx_word' id='word_1_136' title='bbox 407 1896 465 1960; x_wconf 88' lang='lat' dir='ltr'><strong>sub</strong></span> <span class='ocrx_word' id='word_1_137' title='bbox 487 1895 554 1961; x_wconf 91' lang='lat' dir='ltr'><strong>Dco</strong></span> <span class='ocrx_word' id='word_1_138' title='bbox 588 1897 666 1962; x_wconf 91' lang='lat' dir='ltr'><strong>siout</strong></span> <span class='ocrx_word' id='word_1_139' title='bbox 702 1916 796 1982; x_wconf 76' lang='lat' dir='ltr'><strong>agene</strong></span> <span class='ocrx_word' id='word_1_140' title='bbox 830 1892 1063 1960; x_wconf 85' lang='lat' dir='ltr'><strong>instrumentale</strong></span> <span class='ocrx_word' id='word_1_141' title='bbox 1098 1893 1159 1956; x_wconf 87' lang='lat' dir='ltr'><strong>sub</strong></span> 
     </span>
     <span class='ocr_line' id='line_1_21' title="bbox 240 1982 1156 2072; baseline 0.001 -28"><span class='ocrx_word' id='word_1_142' title='bbox 240 1982 399 2068; x_wconf 87' lang='lat' dir='ltr'><strong>principali</strong></span> <span class='ocrx_word' id='word_1_143' title='bbox 424 1997 543 2068; x_wconf 79' lang='lat' dir='ltr'><strong>agente.</strong></span> <span class='ocrx_word' id='word_1_144' title='bbox 567 1985 636 2050; x_wconf 89' lang='lat' dir='ltr'><strong>Non</strong></span> <span class='ocrx_word' id='word_1_145' title='bbox 658 1985 751 2071; x_wconf 80' lang='lat' dir='ltr'><strong>igitur</strong></span> <span class='ocrx_word' id='word_1_146' title='bbox 774 1999 873 2072; x_wconf 88' lang='lat' dir='ltr'><strong>potest</strong></span> <span class='ocrx_word' id='word_1_147' title='bbox 895 2005 928 2048; x_wconf 89' lang='lat' dir='ltr'><strong>se</strong></span> <span class='ocrx_word' id='word_1_148' title='bbox 952 1983 1054 2047; x_wconf 85' lang='lat' dir='ltr'><strong>anima</strong></span> <span class='ocrx_word' id='word_1_149' title='bbox 1067 2000 1156 2068; x_wconf 88' lang='lat' dir='ltr'><strong>prae-</strong></span> 
     </span>
     <span class='ocr_line' id='line_1_22' title="bbox 238 2071 1156 2162; baseline -0.002 -28"><span class='ocrx_word' id='word_1_150' title='bbox 238 2089 349 2156; x_wconf 86' lang='lat' dir='ltr'><strong>parare</strong></span> <span class='ocrx_word' id='word_1_151' title='bbox 371 2071 409 2136; x_wconf 91' lang='lat' dir='ltr'><strong>ad</strong></span> <span class='ocrx_word' id='word_1_152' title='bbox 432 2074 664 2162; x_wconf 88' lang='lat' dir='ltr'><strong>suscipiendum</strong></span> <span class='ocrx_word' id='word_1_153' title='bbox 687 2074 829 2140; x_wconf 83' lang='lat' dir='ltr'><strong>ellectum</strong></span> <span class='ocrx_word' id='word_1_154' title='bbox 853 2074 947 2140; x_wconf 90' lang='lat' dir='ltr'><strong>divini</strong></span> <span class='ocrx_word' id='word_1_155' title='bbox 971 2071 1156 2149; x_wconf 77' lang='lat' dir='ltr'><strong>auxilii,nisi</strong></span> 
     </span>
     <span class='ocr_line' id='line_1_23' title="bbox 238 2157 1159 2248; baseline -0.002 -24"><span class='ocrx_word' id='word_1_156' title='bbox 238 2160 409 2225; x_wconf 87' lang='lat' dir='ltr'><strong>secundum</strong></span> <span class='ocrx_word' id='word_1_157' title='bbox 434 2162 517 2248; x_wconf 88' lang='lat' dir='ltr'><strong>quod</strong></span> <span class='ocrx_word' id='word_1_158' title='bbox 541 2163 603 2247; x_wconf 75' lang='lat' dir='ltr'><strong>agit</strong></span> <span class='ocrx_word' id='word_1_159' title='bbox 626 2183 663 2228; x_wconf 82' lang='lat' dir='ltr'><strong>er</strong></span> <span class='ocrx_word' id='word_1_160' title='bbox 688 2165 797 2228; x_wconf 90' lang='lat' dir='ltr'><strong>virtute</strong></span> <span class='ocrx_word' id='word_1_161' title='bbox 821 2163 934 2227; x_wconf 86' lang='lat' dir='ltr'><strong>divina.</strong></span> <span class='ocrx_word' id='word_1_162' title='bbox 957 2157 1159 2226; x_wconf 71' lang='lat' dir='ltr'><strong>praevenitur</strong></span> 
     </span>
     <span class='ocr_line' id='line_1_24' title="bbox 238 2247 1159 2338; baseline -0.002 -26"><span class='ocrx_word' id='word_1_163' title='bbox 238 2249 331 2332; x_wconf 82' lang='lat' dir='ltr'><strong>igitur</strong></span> <span class='ocrx_word' id='word_1_164' title='bbox 354 2249 462 2314; x_wconf 92' lang='lat' dir='ltr'><strong>divino·</strong></span> <span class='ocrx_word' id='word_1_165' title='bbox 485 2251 597 2316; x_wconf 83' lang='lat' dir='ltr'><strong>auxilio</strong></span> <span class='ocrx_word' id='word_1_166' title='bbox 635 2251 674 2316; x_wconf 88' lang='lat' dir='ltr'><strong>ad</strong></span> <span class='ocrx_word' id='word_1_167' title='bbox 711 2251 791 2317; x_wconf 85' lang='lat' dir='ltr'><strong>bene</strong></span> <span class='ocrx_word' id='word_1_168' title='bbox 829 2251 1022 2338; x_wconf 87' lang='lat' dir='ltr'><strong>operandum</strong></span> <span class='ocrx_word' id='word_1_169' title='bbox 1058 2247 1159 2332; x_wconf 74' lang='lat' dir='ltr'><strong>magis</strong></span> 
     </span>
     <span class='ocr_line' id='line_1_25' title="bbox 238 2337 1157 2428; baseline -0.002 -27"><span class='ocrx_word' id='word_1_170' title='bbox 238 2357 331 2420; x_wconf 87' lang='lat' dir='ltr'><strong>quam</strong></span> <span class='ocrx_word' id='word_1_171' title='bbox 356 2337 492 2403; x_wconf 92' lang='lat' dir='ltr'><strong>divinum</strong></span> <span class='ocrx_word' id='word_1_172' title='bbox 515 2340 661 2405; x_wconf 84' lang='lat' dir='ltr'><strong>auxilium</strong></span> <span class='ocrx_word' id='word_1_173' title='bbox 686 2342 864 2426; x_wconf 85' lang='lat' dir='ltr'><strong>praeveniat</strong></span> <span class='ocrx_word' id='word_1_174' title='bbox 885 2339 972 2428; x_wconf 85' lang='lat' dir='ltr'><strong>quasi</strong></span> <span class='ocrx_word' id='word_1_175' title='bbox 1006 2339 1157 2402; x_wconf 90' lang='lat' dir='ltr'><strong>merendo</strong></span> 
     </span>
     <span class='ocr_line' id='line_1_26' title="bbox 238 2424 848 2515; baseline 0.007 -27"><span class='ocrx_word' id='word_1_176' title='bbox 238 2424 315 2489; x_wconf 91' lang='lat' dir='ltr'><strong>illud</strong></span> <span class='ocrx_word' id='word_1_177' title='bbox 339 2427 386 2490; x_wconf 95' lang='lat' dir='ltr'><strong>vel</strong></span> <span class='ocrx_word' id='word_1_178' title='bbox 409 2447 442 2492; x_wconf 88' lang='lat' dir='ltr'><strong>sc</strong></span> <span class='ocrx_word' id='word_1_179' title='bbox 465 2429 678 2515; x_wconf 88' lang='lat' dir='ltr'><strong>praeparando</strong></span> <span class='ocrx_word' id='word_1_180' title='bbox 701 2429 739 2493; x_wconf 90' lang='lat' dir='ltr'><strong>ad</strong></span> <span class='ocrx_word' id='word_1_181' title='bbox 763 2430 848 2495; x_wconf 89' lang='lat' dir='ltr'><strong>illud.</strong></span> 
     </span>
    </p>

    <p class='ocr_par' dir='ltr' id='par_1_4' title="bbox 304 2511 1156 2605">
     <span class='ocr_line' id='line_1_27' title="bbox 304 2511 1156 2605; baseline 0 -27"><span class='ocrx_word' id='word_1_182' title='bbox 304 2514 452 2602; x_wconf 81' lang='lat' dir='ltr'><strong>Amplius,</strong></span> <span class='ocrx_word' id='word_1_183' title='bbox 475 2513 599 2582; x_wconf 89' lang='lat' dir='ltr'><strong>Nullum</strong></span> <span class='ocrx_word' id='word_1_184' title='bbox 625 2511 720 2603; x_wconf 78' lang='lat' dir='ltr'><strong>agens</strong></span> <span class='ocrx_word' id='word_1_185' title='bbox 742 2517 927 2605; x_wconf 90' lang='lat' dir='ltr'><strong>particulare</strong></span> <span class='ocrx_word' id='word_1_186' title='bbox 950 2527 1049 2603; x_wconf 85' lang='lat' dir='ltr'><strong>potest</strong></span> <span class='ocrx_word' id='word_1_187' title='bbox 1087 2515 1156 2578; x_wconf 91' lang='lat' dir='ltr'><strong>uui-</strong></span> 
     </span>
    </p>

    <p class='ocr_par' dir='ltr' id='par_1_5' title="bbox 205 2601 1243 3401">
     <span class='ocr_line' id='line_1_28' title="bbox 205 2601 1158 2694; baseline 0.004 -30"><span class='ocrx_word' id='word_1_188' title='bbox 205 2603 208 2614; x_wconf 77' lang='grc'><strong>’</strong></span> <span class='ocrx_word' id='word_1_189' title='bbox 240 2601 398 2669; x_wconf 85' lang='lat' dir='ltr'><strong>versaliter</strong></span> <span class='ocrx_word' id='word_1_190' title='bbox 436 2607 616 2691; x_wconf 88' lang='lat' dir='ltr'><strong>praevenire</strong></span> <span class='ocrx_word' id='word_1_191' title='bbox 655 2608 808 2672; x_wconf 86' lang='lat' dir='ltr'><strong>actionem</strong></span> <span class='ocrx_word' id='word_1_192' title='bbox 848 2605 938 2694; x_wconf 88' lang='lat' dir='ltr'><strong>primi</strong></span> <span class='ocrx_word' id='word_1_193' title='bbox 977 2603 1158 2668; x_wconf 87' lang='lat' dir='ltr'><strong>universalis</strong></span> 
     </span>
     <span class='ocr_line' id='line_1_29' title="bbox 240 2691 1158 2784; baseline 0.002 -31"><span class='ocrx_word' id='word_1_194' title='bbox 240 2691 369 2775; x_wconf 78' lang='lat' dir='ltr'><strong>agentis,</strong></span> <span class='ocrx_word' id='word_1_195' title='bbox 392 2713 429 2758; x_wconf 95' lang='lat' dir='ltr'><strong>eo</strong></span> <span class='ocrx_word' id='word_1_196' title='bbox 453 2695 536 2779; x_wconf 92' lang='lat' dir='ltr'><strong>quod</strong></span> <span class='ocrx_word' id='word_1_197' title='bbox 575 2697 677 2762; x_wconf 91' lang='lat' dir='ltr'><strong>omnis</strong></span> <span class='ocrx_word' id='word_1_198' title='bbox 711 2698 803 2762; x_wconf 57' lang='lat' dir='ltr'><strong>actio*</strong></span> <span class='ocrx_word' id='word_1_199' title='bbox 823 2693 1013 2784; x_wconf 85' lang='lat' dir='ltr'><strong>particularis</strong></span> <span class='ocrx_word' id='word_1_200' title='bbox 1036 2693 1158 2775; x_wconf 77' lang='lat' dir='ltr'><strong>agentis</strong></span> 
     </span>
     <span class='ocr_line' id='line_1_30' title="bbox 241 2781 1159 2870; baseline 0 -26"><span class='ocrx_word' id='word_1_201' title='bbox 241 2781 391 2864; x_wconf 80' lang='lat' dir='ltr'><strong>originem</strong></span> <span class='ocrx_word' id='word_1_202' title='bbox 415 2782 527 2849; x_wconf 86' lang='lat' dir='ltr'><strong>habeat</strong></span> <span class='ocrx_word' id='word_1_203' title='bbox 549 2784 589 2849; x_wconf 88' lang='lat' dir='ltr'><strong>ab</strong></span> <span class='ocrx_word' id='word_1_204' title='bbox 611 2785 774 2850; x_wconf 88' lang='lat' dir='ltr'><strong>universali</strong></span> <span class='ocrx_word' id='word_1_205' title='bbox 797 2797 917 2870; x_wconf 84' lang='lat' dir='ltr'><strong>agente;</strong></span> <span class='ocrx_word' id='word_1_206' title='bbox 939 2784 1027 2858; x_wconf 88' lang='lat' dir='ltr'><strong>sicut,</strong></span> <span class='ocrx_word' id='word_1_207' title='bbox 1048 2781 1159 2845; x_wconf 90' lang='lat' dir='ltr'><strong>inistis</strong></span> 
     </span>
     <span class='ocr_line' id='line_1_31' title="bbox 241 2867 1158 2960; baseline 0.002 -29"><span class='ocrx_word' id='word_1_208' title='bbox 241 2867 449 2950; x_wconf 79' lang='lat' dir='ltr'><strong>inferioribus,</strong></span> <span class='ocrx_word' id='word_1_209' title='bbox 472 2875 573 2938; x_wconf 92' lang='lat' dir='ltr'><strong>omnis</strong></span> <span class='ocrx_word' id='word_1_210' title='bbox 596 2888 697 2940; x_wconf 87' lang='lat' dir='ltr'><strong>motus</strong></span> <span class='ocrx_word' id='word_1_211' title='bbox 721 2873 916 2960; x_wconf 79' lang='lat' dir='ltr'><strong>praevenitur</strong></span> <span class='ocrx_word' id='word_1_212' title='bbox 937 2893 955 2936; x_wconf 88' lang='lat' dir='ltr'><strong>a</strong></span> <span class='ocrx_word' id='word_1_213' title='bbox 979 2881 1063 2934; x_wconf 90' lang='lat' dir='ltr'><strong>motu</strong></span> <span class='ocrx_word' id='word_1_214' title='bbox 1087 2888 1158 2934; x_wconf 89' lang='lat' dir='ltr'><strong>eae·</strong></span> 
     </span>
     <span class='ocr_line' id='line_1_32' title="bbox 240 2955 1243 3043; baseline 0 -22"><span class='ocrx_word' id='word_1_215' title='bbox 240 2955 317 3022; x_wconf 87' lang='lat' dir='ltr'><strong>lesti.</strong></span> <span class='ocrx_word' id='word_1_216' title='bbox 341 2958 401 3023; x_wconf 90' lang='lat' dir='ltr'><strong>Sed</strong></span> <span class='ocrx_word' id='word_1_217' title='bbox 425 2961 527 3026; x_wconf 83' lang='lat' dir='ltr'><strong>auimo</strong></span> <span class='ocrx_word' id='word_1_218' title='bbox 551 2961 686 3043; x_wconf 88' lang='lat' dir='ltr'><strong>humana</strong></span> <span class='ocrx_word' id='word_1_219' title='bbox 710 2956 869 3027; x_wconf 82' lang='lat' dir='ltr'><strong>ordinatur</strong></span> <span class='ocrx_word' id='word_1_220' title='bbox 890 2962 949 3027; x_wconf 89' lang='lat' dir='ltr'><strong>sub</strong></span> <span class='ocrx_word' id='word_1_221' title='bbox 974 2959 1042 3023; x_wconf 85' lang='lat' dir='ltr'><strong>Deo</strong></span> <span class='ocrx_word' id='word_1_222' title='bbox 1079 2959 1159 3023; x_wconf 87' lang='lat' dir='ltr'><strong>sicut</strong></span> <span class='ocrx_word' id='word_1_223' title='bbox 1242 3037 1243 3042; x_wconf 5' lang='grc' dir='ltr'>ἵ</span> 
     </span>
     <span class='ocr_line' id='line_1_33' title="bbox 240 3047 1158 3138; baseline 0 -28"><span class='ocrx_word' id='word_1_224' title='bbox 240 3047 422 3131; x_wconf 88' lang='lat' dir='ltr'><strong>particulare</strong></span> <span class='ocrx_word' id='word_1_225' title='bbox 460 3069 554 3133; x_wconf 78' lang='lat' dir='ltr'><strong>egeus</strong></span> <span class='ocrx_word' id='word_1_226' title='bbox 584 3051 642 3116; x_wconf 90' lang='lat' dir='ltr'><strong>sub</strong></span> <span class='ocrx_word' id='word_1_227' title='bbox 676 3051 850 3116; x_wconf 87' lang='lat' dir='ltr'><strong>universali.</strong></span> <span class='ocrx_word' id='word_1_228' title='bbox 885 3047 1075 3138; x_wconf 86' lang='lat' dir='ltr'><strong>impossibile</strong></span> <span class='ocrx_word' id='word_1_229' title='bbox 1111 3061 1158 3111; x_wconf 87' lang='lat' dir='ltr'><strong>est</strong></span> 
     </span>
     <span class='ocr_line' id='line_1_34' title="bbox 238 3136 1156 3224; baseline 0.001 -26"><span class='ocrx_word' id='word_1_230' title='bbox 238 3153 314 3219; x_wconf 79' lang='lat' dir='ltr'><strong>ergo</strong></span> <span class='ocrx_word' id='word_1_231' title='bbox 350 3155 418 3202; x_wconf 88' lang='lat' dir='ltr'><strong>esse</strong></span> <span class='ocrx_word' id='word_1_232' title='bbox 440 3136 575 3224; x_wconf 89' lang='lat' dir='ltr'><strong>aliquem</strong></span> <span class='ocrx_word' id='word_1_233' title='bbox 598 3139 717 3204; x_wconf 87' lang='lat' dir='ltr'><strong>rectum</strong></span> <span class='ocrx_word' id='word_1_234' title='bbox 752 3153 873 3205; x_wconf 87' lang='lat' dir='ltr'><strong>motum</strong></span> <span class='ocrx_word' id='word_1_235' title='bbox 896 3141 927 3204; x_wconf 91' lang='lat' dir='ltr'><strong>in</strong></span> <span class='ocrx_word' id='word_1_236' title='bbox 961 3139 1026 3224; x_wconf 91' lang='lat' dir='ltr'><strong>ipsa</strong></span> <span class='ocrx_word' id='word_1_237' title='bbox 1060 3154 1156 3222; x_wconf 90' lang='lat' dir='ltr'><strong>quem</strong></span> 
     </span>
     <span class='ocr_line' id='line_1_35' title="bbox 239 3223 1157 3320; baseline 0.002 -34"><span class='ocrx_word' id='word_1_238' title='bbox 239 3243 311 3320; x_wconf 86' lang='lat' dir='ltr'><strong>uon¹</strong></span> <span class='ocrx_word' id='word_1_239' title='bbox 325 3226 502 3310; x_wconf 86' lang='lat' dir='ltr'><strong>praeveniat</strong></span> <span class='ocrx_word' id='word_1_240' title='bbox 526 3228 740 3308; x_wconf 81' lang='lat' dir='ltr'><strong>actiodivina3</strong></span> <span class='ocrx_word' id='word_1_241' title='bbox 761 3229 844 3296; x_wconf 88' lang='lat' dir='ltr'><strong>uude</strong></span> <span class='ocrx_word' id='word_1_242' title='bbox 866 3241 896 3294; x_wconf 89' lang='lat' dir='ltr'><strong>ct</strong></span> <span class='ocrx_word' id='word_1_243' title='bbox 919 3227 1071 3294; x_wconf 88' lang='lat' dir='ltr'><strong>Dominus</strong></span> <span class='ocrx_word' id='word_1_244' title='bbox 1109 3223 1157 3289; x_wconf 94' lang='lat' dir='ltr'><strong>di·</strong></span> 
     </span>
     <span class='ocr_line' id='line_1_36' title="bbox 242 3311 1110 3401; baseline 0.001 -25"><span class='ocrx_word' id='word_1_245' title='bbox 242 3313 293 3376; x_wconf 90' lang='lat' dir='ltr'><strong>cit:</strong></span> <span class='ocrx_word' id='word_1_246' title='bbox 318 3311 389 3378; x_wconf 84' lang='lat' dir='ltr'><strong>Siue</strong></span> <span class='ocrx_word' id='word_1_247' title='bbox 413 3335 460 3378; x_wconf 87' lang='lat' dir='ltr'><strong>me</strong></span> <span class='ocrx_word' id='word_1_248' title='bbox 481 3315 562 3380; x_wconf 80' lang='lat' dir='ltr'><strong>nillil</strong></span> <span class='ocrx_word' id='word_1_249' title='bbox 582 3317 710 3400; x_wconf 82' lang='lat' dir='ltr'><strong>potestis</strong></span> <span class='ocrx_word' id='word_1_250' title='bbox 732 3317 979 3401; x_wconf 63' lang='lat' dir='ltr'><strong>secernimur„</strong></span> <span class='ocrx_word' id='word_1_251' title='bbox 1003 3313 1055 3394; x_wconf 70' lang='lat' dir='ltr'><strong>ld,</strong></span> <span class='ocrx_word' id='word_1_252' title='bbox 1079 3313 1110 3378; x_wconf 79' lang='lat' dir='ltr'><strong>li.</strong></span> 
     </span>
    </p>

    <p class='ocr_par' dir='ltr' id='par_1_6' title="bbox 303 3373 1242 3493">
     <span class='ocr_line' id='line_1_37' title="bbox 303 3398 1158 3492; baseline 0.004 -29"><span class='ocrx_word' id='word_1_253' title='bbox 303 3398 390 3480; x_wconf 89' lang='lat' dir='ltr'><strong>ltem,</strong></span> <span class='ocrx_word' id='word_1_254' title='bbox 412 3403 527 3470; x_wconf 84' lang='lat' dir='ltr'><strong>Merces</strong></span> <span class='ocrx_word' id='word_1_255' title='bbox 550 3407 802 3492; x_wconf 80' lang='lat' dir='ltr'><strong>proportionetur</strong></span> <span class='ocrx_word' id='word_1_256' title='bbox 824 3407 945 3484; x_wconf 84' lang='lat' dir='ltr'><strong>merito,</strong></span> <span class='ocrx_word' id='word_1_257' title='bbox 967 3423 1039 3470; x_wconf 89' lang='lat' dir='ltr'><strong>cum</strong></span> <span class='ocrx_word' id='word_1_258' title='bbox 1063 3403 1095 3468; x_wconf 91' lang='lat' dir='ltr'><strong>iu</strong></span> <span class='ocrx_word' id='word_1_259' title='bbox 1109 3423 1158 3468; x_wconf 89' lang='lat' dir='ltr'><strong>re·</strong></span> 
     </span>
    </p>
   </div>
   <div class='ocr_carea' id='block_1_2' title="bbox 239 3487 1157 3581">
    <p class='ocr_par' dir='ltr' id='par_1_7' title="bbox 239 3487 1157 3581">
     <span class='ocr_line' id='line_1_38' title="bbox 239 3487 1157 3581; baseline 0.009 -32"><span class='ocrx_word' id='word_1_260' title='bbox 239 3487 404 3555; x_wconf 88' lang='lat' dir='ltr'><strong>tributioue</strong></span> <span class='ocrx_word' id='word_1_261' title='bbox 434 3495 585 3558; x_wconf 85' lang='lat' dir='ltr'><strong>mercedis</strong></span> <span class='ocrx_word' id='word_1_262' title='bbox 609 3494 775 3580; x_wconf 87' lang='lat' dir='ltr'><strong>aequalitas</strong></span> <span class='ocrx_word' id='word_1_263' title='bbox 794 3497 928 3581; x_wconf 83' lang='lat' dir='ltr'><strong>justitiae</strong></span> <span class='ocrx_word' id='word_1_264' title='bbox 965 3493 1157 3560; x_wconf 87' lang='lat' dir='ltr'><strong>observetur.</strong></span> 
     </span>
    </p>
   </div>
   <div class='ocr_carea' id='block_1_3' title="bbox 0 0 1265 3968">
    <p class='ocr_par' dir='ltr' id='par_1_8' title="bbox 0 0 1265 3968">
     <span class='ocr_line' id='line_1_39' title="bbox 0 0 1265 3968; baseline 0 0"><span class='ocrx_word' id='word_1_265' title='bbox 0 0 1265 3968; x_wconf 95' lang='lat' dir='ltr'><strong> </strong></span> 
     </span>
    </p>
   </div>
  </div>
 </body>
</html>
