2462 3968
379 257 434 304 ιιιι.
458 259 499 304 ιιι.
525 256 588 304 cin.
619 259 714 304 ιιιιιιι.
949 243 1014 309 259

93 325 196 406 minis,
218 324 385 414 perfectam
411 327 548 392 notitiam
586 347 695 392 eorum
725 347 804 413 quae
839 327 878 395 ad
915 328 1014 398 bomi-

92 435 163 480 nem
187 426 325 502 spectant
349 414 475 502 adipisci
499 435 560 480 non
586 417 700 492 valent,
724 416 780 482 nisi
816 438 870 504 per
906 417 1014 486 lumen

91 504 241 590 superiori
266 503 389 590 spiritus
412 504 608 590 adjuventur,
644 505 703 570 boc
736 505 877 590 exigente
912 508 1014 574 divina

92 593 291 679 dispositione
314 604 347 656 ut
369 590 530 658 inferiores
547 614 601 680 per
617 594 776 679 superiore
798 595 921 680 spiritus
946 617 1015 683 per·

91 680 257 746 sectionem
280 681 451 767 acquirant,
475 694 623 769 utsupra
647 686 691 767 (c.
714 683 771 768 79)
787 678 946 749 ostensum
959 699 1016 750 est.

90 770 171 852 Quia
196 784 299 836 tamen
322 771 437 857 aliquid
472 771 567 836 bomo
602 771 782 837 delumine
814 773 1015 840 intellectuali

96 859 505 946 participat,ei,secundum
546 859 757 946 providentiae
793 860 915 926 divinae
937 863 1018 928 ordi·

89 967 174 1027 nem,
199 948 373 1016 subduntur
400 949 542 1014 animalia
568 949 669 1028 bruta,
693 967 773 1034 quae
796 949 835 1014 de
860 950 1016 1024 intellectu

91 1037 177 1102 nullo
216 1037 311 1102 modo
348 1037 543 1124 participant;
580 1037 663 1102 unde
698 1038 818 1104 dicitur:
847 1040 1014 1106 Faciamus

90 1125 245 1190 bominem
272 1127 316 1190 ud
338 1127 504 1212 imupiaeio
541 1137 570 1190 et
606 1127 841 1192 similitudinem
862 1141 1014 1207 nostrum,

90 1215 205 1280 scilieet
227 1213 400 1280 secundnm
423 1215 507 1302 quod
532 1213 722 1280 intellectum
745 1217 838 1282 babet
854 1229 885 1293 ct
895 1221 1015 1302 praesit

87 1303 227 1386 piscibus
248 1305 358 1382 inuris,
373 1315 402 1368 et
423 1304 602 1370 volatilibus
625 1305 704 1369 coeli
738 1316 767 1370 et
804 1304 921 1385 bestiis,
943 1311 1012 1372 uni-

90 1413 258 1478 versaeque
282 1405 395 1471 terroe,
417 1392 506 1472 Gen,
533 1393 560 1464 l.
589 1393 642 1458 96.

133 1481 286 1547 Animalia
310 1502 382 1547 vero
406 1481 507 1560 bruta,
529 1483 594 1546 etsi
612 1481 769 1546 intellectu
783 1497 918 1562 careant,
941 1486 1011 1571 quin

93 1582 194 1636 tamen
218 1570 426 1654 cognitionem
452 1571 586 1656 aliquam
610 1569 736 1649 babent,
759 1570 870 1656 plantis
894 1587 925 1637 et
947 1574 1013 1640 aliis

92 1679 171 1743 quoe
195 1660 373 1744 cognitione
395 1673 511 1738 carent,
547 1658 719 1724 secondum
755 1659 877 1725 divinae
912 1663 1014 1748 provi-

93 1748 216 1814 dentiae
247 1747 399 1826 ordinem,
434 1747 661 1834 praeleruutum
688 1748 770 1814 unde
793 1747 914 1815 dicitur:
938 1749 1014 1816 Ecce

92 1837 179 1902 dedit
201 1835 287 1902 uobis
308 1857 429 1902 curnem
453 1836 580 1902 herbum
616 1838 814 1923 sufferentem
838 1859 940 1905 semen
962 1861 1014 1906 cu·

90 1945 147 2008 per
172 1937 299 2000 terrem,
311 1942 340 1991 er
355 1927 499 1992 uniuerso
517 1927 604 2011 lipun
626 1947 703 2010 quoe
727 1926 841 1992 hubent
861 1930 894 1992 in
907 1942 1013 1994 semet-

92 2015 170 2098 ipsis
193 2025 359 2080 sementem
392 2015 512 2100 perieris
545 2017 603 2093 sui,
629 2027 661 2080 ut
683 2017 744 2080 sint
764 2016 851 2081 cobis
867 2019 1015 2084 inescent

93 2115 121 2167 ct
141 2106 260 2170 cunetis
283 2103 493 2169 animantibus
518 2115 629 2182 terrac,
645 2103 732 2183 Gen,
759 2105 788 2182 l,
811 2105 924 2173 2950.

158 2193 241 2259 lnter
278 2213 314 2258 ea
350 2213 422 2258 vero
446 2213 526 2278 quae
551 2193 671 2279 penitus
700 2194 875 2278 cognitione
898 2209 1013 2272 carent,

94 2302 191 2348 unum
214 2280 351 2366 subjacet
388 2281 485 2359 alteri,
523 2281 694 2348 secundum
739 2282 823 2368 quod
848 2304 944 2349 unum
968 2299 1014 2350 est

94 2370 190 2436 altero
224 2371 378 2457 potentius
413 2371 445 2434 in
468 2369 600 2454 agend03
634 2390 697 2434 non
724 2369 809 2436 euim
834 2373 1015 2460 participant

93 2458 209 2546 aliquid
230 2458 271 2524 de
295 2459 494 2546 dispositione
518 2458 738 2547 prouidentiae
761 2460 815 2526 sed
837 2461 939 2527 solum
974 2461 1014 2528 de

95 2547 287 2614 executione.
321 2547 400 2630 Quia
438 2568 511 2613 uero
556 2548 652 2612 bomo
691 2548 786 2614 babet
824 2551 1015 2616 intellectum

94 2650 123 2700 et
143 2655 271 2703 sensum
295 2651 325 2702 et
347 2636 541 2723 corporalem
568 2640 724 2716 virtutem,
746 2638 824 2704 baec
847 2640 877 2703 in
894 2640 961 2726 ipso
976 2639 1016 2704 ad

94 2725 225 2792 invicem
249 2725 440 2802 ordinantur,
463 2725 633 2790 secundum
657 2726 779 2792 divinae
804 2729 1013 2814 providentiae

95 2813 339 2902 dispositionem,
354 2813 393 2878 ad
416 2813 649 2880 similitudinem
673 2815 790 2880 ordinis
813 2817 865 2900 qui
890 2818 1014 2882 inuni-

95 2923 184 2970 verso
200 2903 362 2981 insonitum
379 2922 452 2968 narn
464 2903 559 2968 virtus
575 2923 723 2988 corporea
735 2903 877 2970 subditur
898 2907 1016 2971 sensiti-

96 3011 150 3056 vae
185 3004 216 3056 et
254 2991 457 3058 intellectivae
479 2991 591 3067 virtuti,
614 2992 697 3056 velut
720 3012 875 3079 exequens
907 3015 1015 3059 earum

96 3080 271 3168 imperium;
294 3081 358 3166 ipsa
382 3099 455 3146 vero
478 3081 620 3146 sensitiva
644 3080 779 3166 potentia
813 3081 1016 3149 intellectivoe

97 3169 247 3249 subditur,
270 3183 300 3234 et
321 3169 380 3236 sub
404 3168 469 3254 ejus
493 3169 622 3255 imperio
645 3169 829 3234 continetur.

162 3259 208 3326 Ex
230 3257 339 3324 endem
361 3260 490 3335 ratione,
513 3272 543 3324 et
566 3258 646 3323 inter
668 3257 750 3345 ipsos
774 3259 914 3324 homines
938 3259 1015 3326 ordo

98 3345 261 3425 invenitur3
283 3367 356 3412 narn
380 3347 422 3412 illi
445 3347 497 3434 qui
522 3346 676 3412 intellectu
707 3349 920 3434 praeeminent
958 3369 1015 3414 na-

99 3437 234 3503 turaliter
257 3436 465 3513 dominantum
488 3435 531 3502 illi
570 3457 642 3502 vero
665 3435 717 3524 qui
751 3450 822 3502 sunt
857 3437 1015 3504 intellectu

99 3523 285 3607 deficientes,
308 3545 437 3615 corpore
458 3545 531 3594 tero
554 3524 682 3610 robusti,
706 3539 850 3596 enatura
875 3527 1017 3595 videntur
