2500 3964
563 245 650 294 inunt

339 395 348 408 x
390 435 393 442 ²
429 382 463 419 ne
490 361 715 424 conrrurumronr'a
733 382 785 418 nsr.

149 481 210 550 esp.
228 474 272 530 58.
307 469 386 542 Quod
404 470 512 525 felicitas
533 472 647 526 humana
666 487 718 524 non
749 469 868 523 consistit
900 450 928 522 in

308 543 455 610 cognitione
464 543 512 596 Dei
526 559 594 613 quae
606 543 780 596 communitor
789 540 902 592 hebetur
914 557 929 594 u

311 611 437 684 pluribus
438 647 888 668 ...........
926 628 985 682 pag.
1038 612 1073 666 97

150 692 214 761 Cap.
234 685 277 742 59.
314 684 392 752 tluod
404 683 513 737 lellcitas
524 685 639 738 humane
652 701 704 738 non
724 684 843 736 consistit
855 683 881 735 in
891 685 932 736 c'o·

307 757 423 824 gnilione
441 755 488 808 Dei
508 773 576 827 quae
586 757 698 810 hahetur
712 771 759 826 per
771 756 932 808 demonstra-

306 829 403 880 tionem
436 861 931 881 ............
966 843 981 876 ι
1037 825 1073 880 99

150 904 214 974 Cap.
233 899 276 953 49.
311 899 391 967 Quod
410 897 653 952 lolicitashumsna
677 914 728 950 non
757 897 874 949 consistit
904 896 931 948 in

312 971 458 1037 cognitione
477 969 525 1021 Dei
543 987 611 1040 quae
628 978 668 1022 est
683 986 730 1039 per
748 969 853 1021 iidem.
890 1003 897 1018 .
924 1003 930 1018 .
965 987 979 1018 ι
1021 967 1073 1022 lm

150 1047 213 1118 Cap.
231 1041 274 1096 44.
310 1041 388 1108 Quod
408 1040 485 1093 homo
503 1057 555 1092 non
575 1042 695 1111 potestin
714 1041 762 1093 bac
773 1040 827 1092 vita
838 1055 932 1106 cogno·

308 1125 379 1164 sucre
390 1111 551 1164 substantias
563 1119 697 1181 separatos
710 1127 757 1181 per
769 1111 885 1163 studium
905 1117 931 1162 et

310 1183 505 1306 lpquipitlpnxm
524 1185 690 1236 scientiarum
703 1183 932 1252 speculativarum,
1023 1251 1074 1306 m

305 1269 423 1306 u-vour
485 1270 606 1307 samace
609 1291 791 1309 .....
810 1275 839 1307 ’.
878 1288 884 1302 .
924 1268 982 1306 ,1

154 1331 218 1402 Cap.
236 1323 279 1379 49.
314 1325 392 1393 Quod
411 1340 464 1376 non
482 1271 621 1394 possiumus
640 1326 673 1376 in·
686 1325 734 1376 lise
754 1325 805 1376 rita
838 1339 932 1392 cogno·

308 1411 380 1448 scere
410 1396 570 1449 substautias
601 1403 755 1466 separatas,
787 1403 816 1448 ut
847 1396 935 1465 posuit
1017 1437 1018 1440 ,

308 1466 455 1519 Alexander
459 1502 930 1521 ............
966 1484 980 1514 ιι
1023 1463 1074 1518 toti

154 1542 219 1614 Cap.
237 1539 281 1592 45.
317 1536 395 1603 Quod
408 1553 460 1589 non
474 1553 612 1606 possumus
624 1539 768 1605 intelligere
781 1539 806 1589 in
818 1537 866 1590 hnc
878 1539 932 1590 vita

306 1608 626 1679 substautiasseparatns,
650 1605 719 1662 sieut
748 1609 836 1679 posuit
853 1609 935 1661 Aver-

311 1679 388 1731 rhoes
439 1715 931 1734 ............
966 1697 981 1730 ιι
1021 1675 1073 1733 litt

149 1754 213 1826 Cap.
231 1748 275 1805 44.
311 1749 390 1818 Quod
408 1751 500 1803 ultima
518 1749 626 1804 inlicitas
650 1751 762 1803 hominis
786 1766 837 1803 non
869 1765 930 1803 con·
1004 1757 1007 1762 '

307 1822 377 1874 sistit
396 1821 421 1874 in
441 1822 587 1889 cognitione
605 1823 813 1876 substantiarum
827 1837 933 1892 sepera-

305 1899 402 1958 terum,
412 1894 671 1962 qualcmpraedictae
682 1894 818 1962 opiniones
829 1892 940 1964 lingunt.
985 1910 999 1942 ιι
1022 1888 1075 1942 tao

153 1965 217 2036 sap.
233 1961 277 2018 tit.
313 1965 390 2021 lluod
410 1979 462 2015 non
481 1979 619 2033 possumus
638 1965 821 2033 aliquomodo
840 1965 866 2016 in
885 1966 934 2018 hac

65 2043 67 2050 '
306 2037 360 2088 vita
379 2035 523 2102 intelligere
540 2037 701 2088 substantias
731 2043 886 2105 separatas.
925 2073 933 2089 .
968 2053 984 2089 s
1023 2029 1076 2086 449

147 2107 211 2180 Cep.
229 2105 273 2160 49.
308 2106 387 2188 Quod
406 2109 493 2158 animo
512 2107 538 2189 in
566 2107 614 2160 hac
643 2108 698 2160 vita
730 2123 782 2159 non
811 2107 933 2174 inteiligit

149 2247 213 2320 cap.
231 2245 275 2300 u.
308 2191 732 2315 illill'i'ssiil'ill'.‘n'nt
759 2217 814 2302 int
842 2212 932 2300 {tait
967 2196 982 2227 ”
1023 2171 1074 2226 ¹²⁶

309 2317 612 2386 Deumpcressentiam.
647 2355 655 2370 .
693 2351 700 2366 ·
743 2358 749 2372 .
791 2355 796 2370 .
836 2357 842 2371 .
881 2355 888 2368 .
924 2355 932 2372 .
968 2337 982 2369 ιι
1024 2313 1077 2368 les

151 2389 217 2464 Cap.
236 2387 280 2442 48.
296 2426 300 2434 .
315 2387 392 2457 Quod
413 2389 503 2442 ultima
523 2389 631 2442 felicitas
650 2387 762 2442 hominis
781 2403 833 2440 non
852 2390 933 2443 sitin

306 2459 355 2512 hec
378 2460 433 2510 vita
435 2495 930 2514 ............
968 2479 982 2512 ι
1022 2455 1075 2510 iso

150 2533 213 2604 Cap.
231 2530 275 2585 49.
312 2529 391 2597 Quod
409 2529 572 2583 substantiae
589 2536 726 2602 separatae
759 2547 810 2583 non
843 2532 933 2584 vident

306 2599 392 2652 Deum
411 2615 459 2670 per
475 2603 623 2663 essentiam,
642 2619 674 2656 ex
695 2600 742 2654 hnc
756 2602 825 2671 quod
840 2617 932 2672 cogno

309 2679 386 2724 seuut
415 2688 475 2724 euru
495 2689 542 2742 per
559 2689 620 2726 suos
647 2675 797 2727 essentias.
834 2713 841 2726 .
879 2715 884 2725 .
922 2713 929 2728 .
966 2689 981 2724 ι
1020 2667 1077 2722 tie

150 2745 213 2817 Cap.
231 2743 276 2798 tto.
311 2743 398 2811 Quod,
411 2745 562 2797 innaturali
575 2747 722 2813 cognitione
733 2761 812 2814 quam
830 2745 930 2796 habent

308 2814 470 2866 substantiae
486 2823 622 2884 separatae
634 2818 667 2868 de
676 2819 744 2885 Deo,
757 2831 807 2868 non
821 2817 931 2886 quiescit

308 2901 398 2937 esrum
414 2887 700 2940 ntturaledesiderium
704 2923 930 2940 ......
968 2910 982 2939 n
1025 2884 1075 2938 ld!

150 2957 213 3028 Cap
233 2954 276 3008 444.
312 2955 449 3021 Quomodo
468 2957 539 3010 Deus
557 2973 606 3027 per
628 2960 768 3012 essentiam
795 2958 932 3010 videntur.
967 2980 982 3011 n
1023 2956 1074 3011 itt

150 3029 212 3100 Cap.
231 3025 274 3080 99.
311 3028 390 3095 Quod
410 3027 481 3080 nulla
506 3036 591 3082 creata
610 3030 756 3084 substantia
777 3035 861 3100 potest
884 3045 932 3082 sua

310 3099 423 3150 naturali
445 3099 543 3151 virtute
561 3104 698 3170 pertenire
726 3102 760 3154 ad
789 3101 931 3155 videndum

309 3167 393 3221 Deurn
412 3173 607 3238 peressentiam
611 3208 927 3226 ........
962 3193 976 3225 ιι
1021 3169 1073 3224 448

150 3239 205 3312 Cap
218 3237 274 3294 ,lid
310 3238 388 3307 Quod
406 3241 551 3294 intellectus
570 3249 674 3296 creatus
692 3245 778 3312 aliqua
792 3241 931 3298 inlluentie

306 3311 413 3364 luminis
432 3312 530 3380 indiget
539 3313 573 3366 ad
591 3313 639 3366 hoe
652 3321 682 3367 ut
693 3315 775 3367 Deum
787 3329 834 3383 per
846 3330 933 3368 essen-

299 3382 369 3434 tiam
395 3384 482 3436 tidcnt
484 3420 930 3440 ...........
966 3409 981 3443 ιι
1020 3387 1074 3443 llll)

148 3452 216 3528 Cap.
231 3450 275 3506 54.
310 3452 435 3508 Rationes
463 3460 554 3508 contra
581 3458 741 3524 praedictam
772 3457 930 3512 determine·

299 3525 418 3592 tionem,
438 3531 465 3580 et
491 3541 582 3581 earum
614 3529 748 3582 soutionos
749 3565 928 3584 .....
963 3549 978 3582 ιι
1020 3523 1074 3585 itt
