2494 3970
242 239 284 305 68
562 258 618 302 nn
635 261 682 305 ru
707 259 771 304 etr.
794 259 872 304 artu

240 328 336 393 linem
360 326 407 392 sui
430 339 542 405 motus,
564 349 676 418 corpus
699 341 802 394 autem
825 326 956 393 caeleste
979 339 1165 391 moratura

239 416 409 482 substantia
431 416 629 483 intellectuali
664 432 694 483 et
731 429 836 483 causat
870 435 925 503 per
957 415 1004 480 sui
1040 427 1164 480 motum

239 525 347 572 omnes
370 519 472 571 motus
496 507 528 570 in
553 507 615 573 istis
653 507 860 584 inferioribus,
883 503 1091 571 necessarium
1116 519 1166 569 est

237 593 322 680 quod
345 614 456 679 eorpus
479 595 610 661 caeleste
633 596 812 682 dirigatur
805 617 837 662 tn
859 593 955 658 linem
989 595 1036 658 sui
1059 607 1165 658 motus

179 735 183 744 .
236 703 294 769 per
316 683 518 750 substantiam
552 685 802 758 intellectualem,
825 696 856 748 et
879 703 934 770 per
967 702 1165 770 canaequens

235 771 385 838 inferiora
409 793 538 858 corpora
561 775 593 837 in
618 775 759 859 proprios
782 773 869 838 fines.
1021 825 1024 830 .

306 860 356 926 Sic
379 861 472 945 igitur
495 883 556 926 non
581 877 626 928 est
658 861 781 928 difficile
806 861 910 926 videre
944 859 1075 946 qualiter
1103 879 1163 923 na-

239 950 348 1015 turalia
373 971 502 1036 corpora
536 952 712 1036 cognitione
732 951 881 1016 carentia
916 963 1098 1014 moveantur
1132 964 1162 1014 et

239 1053 332 1123 agant
353 1052 479 1126 propter
503 1039 607 1106 linem.
631 1041 776 1105 Tendunt
800 1041 882 1103 enim
907 1039 937 1102 in
963 1040 1057 1102 finem
1080 1037 1159 1101 sicut

238 1126 353 1193 directa
376 1128 407 1192 in
431 1128 525 1192 finem
550 1150 565 1193 a
590 1129 757 1194 substantia
788 1128 987 1212 intelligente,
1011 1147 1066 1213 per
1092 1145 1160 1190 mo·

239 1215 314 1280 dum
338 1237 400 1302 quo
422 1218 531 1302 sagitta
555 1218 650 1282 tendit
673 1217 711 1282 ad
734 1217 870 1302 signum,
893 1217 1008 1281 directa
1032 1237 1049 1279 a
1068 1216 1160 1298 sagit·

239 1319 333 1382 tante;
355 1307 432 1384 sicut
455 1309 537 1370 enim
561 1309 670 1390 sagitta
706 1307 904 1392 consequitur
927 1305 1158 1370 inclinationem

237 1394 277 1459 ad
300 1395 422 1480 signum
444 1395 508 1459 sive
531 1396 569 1460 ad
594 1397 687 1460 finem
711 1395 961 1460 determinatum,
988 1414 1024 1458 ex
1049 1393 1162 1479 impul-

236 1483 324 1548 sione
346 1485 525 1567 sagittantis,
549 1487 588 1549 ita
612 1505 741 1570 corpora
755 1483 903 1549 naturalia
927 1495 1161 1569 consequuntur

237 1572 466 1638 inclinationem
491 1574 522 1637 in
547 1573 624 1638 sines
648 1574 802 1638 naturales
824 1593 861 1637 ex
885 1572 1080 1636 moventibus
1104 1592 1160 1635 na-
1237 1590 1238 1625 t

234 1661 396 1740 ruralibus,
419 1682 456 1726 ex
479 1663 591 1748 quibus
614 1664 783 1727 sortiuntur
815 1682 887 1726 suas
910 1661 1025 1726 lormas
1048 1675 1078 1724 et
1101 1661 1160 1724 vir·

235 1762 314 1815 tutes
338 1765 367 1815 et
391 1764 504 1816 motus
542 1751 628 1815 Unde
661 1752 752 1816 etiam
777 1763 859 1838 patet
881 1751 965 1836 quod
999 1749 1159 1836 quodlibet

235 1859 314 1924 opus
337 1852 466 1904 naturae
488 1853 534 1904 est
550 1860 628 1926 opus
649 1841 836 1906 substantiae
861 1838 1067 1924 intelligentia
1086 1859 1159 1902 nam

234 1927 359 1992 ellectus
376 1927 575 2014 principalius
591 1928 765 1994 attribuitur
781 1928 881 2016 primo
909 1929 1055 2005 moventi,
1083 1926 1159 1990 diri-

134 2027 136 2031 ’
234 2017 318 2098 genti
342 2019 374 2080 in
403 2017 498 2098 finem
528 2038 621 2103 quam
656 2019 868 2083 instrumentis
898 2018 936 2083 ab
959 2037 997 2081 eo
1025 2018 1160 2092 directis;
1238 2041 1239 2060 t

172 2171 175 2178 ,
235 2117 266 2168 et
289 2119 416 2192 propter
432 2106 490 2170 boc
513 2108 707 2192 operationes
739 2121 866 2172 naturae
890 2106 1087 2170 inveniuntur
1110 2125 1160 2169 or-

236 2193 339 2258 dinate
374 2195 543 2280 procedere
572 2195 610 2260 ad
641 2196 745 2271 linem,
774 2196 853 2260 sicut
883 2195 1077 2281 operationes
1112 2215 1160 2258 sa-

237 2283 357 2366 pientis.
383 2283 514 2348 Planum
538 2285 629 2368 igitur
652 2284 697 2360 fit,
723 2284 807 2370 quod
830 2303 866 2348 ea
890 2285 982 2348 etiam
1006 2304 1085 2369 quae
1108 2304 1161 2347 co·

235 2371 373 2454 gnitione
396 2387 501 2436 carent
524 2386 653 2460 possunt
682 2373 802 2460 operari
837 2387 963 2460 propter
998 2371 1104 2450 linem,
1127 2388 1160 2436 et

235 2473 380 2546 appetere
403 2461 520 2526 bonum
544 2462 674 2526 naturali
699 2461 845 2563 appetitu,
869 2475 899 2526 et
922 2474 1067 2549 appetere
1081 2461 1159 2524 diri-

235 2568 307 2612 nam
330 2549 563 2615 similitudinem
587 2564 618 2614 et
652 2550 809 2636 propriam
832 2550 1063 2651 perlectionem.
1088 2549 1157 2614 Non

233 2652 279 2702 cst
302 2653 405 2702 auteur
429 2639 598 2704 differentia
629 2640 693 2703 sive
728 2639 787 2703 boc
820 2640 884 2706 sive
919 2639 995 2704 illud
1028 2633 1159 2703 dicatur

233 2725 310 2793 Nam
335 2747 389 2814 per
413 2729 471 2792 boc
506 2728 668 2792 tendunt
661 2748 692 2790 tn
715 2747 803 2792 suam
828 2725 1048 2814 perlectionem
1073 2730 1158 2813 quod

233 2816 363 2881 tendunt
385 2816 423 2880 ad
451 2817 687 2895 bonumeam
722 2816 970 2903 unumquodque
1003 2817 1158 2882 intantum

233 2904 350 2970 bonum
374 2906 412 2968 sit
435 2905 615 2990 inquantum
633 2919 678 2970 est
692 2905 872 2994 perlectum.
886 2904 1065 2971 Secundum
1082 2927 1159 2970 vero

231 2994 315 3078 quod
340 2993 436 3057 tendit
459 2993 496 3057 ad
522 2995 580 3058 boc
603 2995 686 3080 quod
720 2997 758 3058 sit
782 2993 910 3072 bonnm,
927 2981 1061 3058 tendit
1055 3015 1085 3058 m
1110 2995 1159 3058 di·

231 3084 335 3146 rinam
359 3080 691 3159 similitudinem31leo
714 3083 796 3147 enim
821 3083 1006 3148 assimilatur
1039 3083 1157 3168 aliquid

230 3171 412 3257 inquantum
435 3171 552 3236 bonum
577 3187 633 3247 est;
657 3173 778 3238 bonum
802 3187 907 3236 autem
932 3173 991 3238 boc
1015 3171 1157 3237 velillud

231 3258 414 3343 particulare
437 3259 529 3324 babet
552 3260 636 3346 quod
659 3263 698 3326 sit
721 3261 899 3346 appetibile,
914 3266 1157 3347 inquantumest

228 3347 397 3414 similitudo
420 3348 538 3434 primae
561 3350 714 3416 bonitatis.
738 3349 867 3435 Propter
879 3351 939 3414 boe
951 3351 1042 3434 igitur
1057 3351 1156 3414 tendit
1238 3421 1239 3424 Ἴ

228 3436 260 3500 io
285 3437 442 3522 proprium
466 3439 584 3503 bonum
611 3439 697 3523 quia,
716 3439 813 3502 tendit
836 3439 866 3503 in
891 3439 1025 3504 divinam
1048 3439 1155 3506 simili-

228 3523 378 3605 tudinem,
405 3541 433 3591 et
459 3548 522 3592 non
547 3545 736 3592 econverso.
752 3525 837 3590 Unde
853 3528 1030 3613 patetquod
1047 3529 1153 3594 omnia

210 3647 212 3654 ι
226 3629 375 3701 appetunt
390 3615 526 3681 divinam
544 3615 776 3680 similitudinem
789 3616 875 3700 quasi
889 3616 1031 3682 ultimum
1044 3617 1152 3684 linem.
