2452 3970
212 235 276 302 tou
430 261 433 268 ¹
544 255 600 300 cir.
626 257 666 300 in.
691 254 754 299 car.
775 218 835 297 int.

210 321 380 411 quamlibet
412 321 626 409 quidditatein,
660 324 844 407 inquantum
880 332 927 386 cst
961 319 1133 405 quidditas,
1221 361 1222 392 i

210 435 282 478 curn
306 411 477 477 intellectus
501 416 660 498 proprium
686 411 841 495 objectum
874 409 913 474 sit
935 409 1020 495 quod
1054 415 1131 498 q‘uid

210 515 265 568 est.
289 501 321 566 Si
344 514 446 566 autem
481 501 555 567 illud
589 501 672 588 quod
711 501 811 586 primo
848 518 903 584 per
938 499 1130 568 intellectum

209 591 387 677 possibilem
411 591 590 674 intelligitur
613 606 658 656 ast
681 589 796 676 aliquid
820 588 938 652 habens
975 589 1129 674 quiddita·
1221 591 1222 594 ’

210 695 284 756 tem,
308 701 471 765 possumus
495 699 550 765 per
571 681 758 744 intellectum
799 675 975 762 possibilem
1009 678 1128 743 abstra-

210 769 285 834 here
307 769 509 856 quidditatcm
535 768 617 832 illius
648 772 748 853 primo
787 765 942 842 intellecti;
964 778 995 830 et
1028 767 1053 832 si
1076 768 1129 834 illa

207 857 361 943 quidditas
384 857 495 922 habeat
518 858 731 942 quidditatem,
755 855 900 943 possibile
921 856 993 919 erit
1016 856 1131 922 iterum

207 947 387 1013 abstrahere
411 945 612 1032 quidditatom
637 948 718 1010 illius
756 944 946 1030 quidditatis3
980 957 1020 1022 et,
1055 965 1129 1012 cum

207 1057 270 1101 non
295 1035 333 1100 sit
357 1034 524 1120 procedere
548 1036 578 1098 in
603 1037 767 1110 inlinitum,
790 1045 910 1118 oportet
945 1033 1028 1118 quod
1066 1049 1131 1101 ste-

209 1124 394 1190 turalicuhi.
419 1124 522 1189 Potest
545 1124 638 1208 igitur
672 1124 843 1189 intellectus
880 1135 984 1187 noster
1022 1143 1129 1209 pervc-

207 1214 286 1292 nire,
308 1214 356 1278 via
380 1213 585 1290 resolutionis,
620 1214 657 1276 ad
693 1210 941 1296 cognoscendam
976 1212 1130 1297 quiddita·
1223 1241 1224 1296 3

208 1317 270 1366 tem
287 1303 474 1368 substantiae
490 1317 649 1387 separatae
666 1323 726 1366 non
745 1301 911 1365 habentem
928 1299 1021 1366 aliam
1037 1303 1131 1387 quid·
1223 1353 1224 1382 ,

207 1391 344 1457 ditatam.
369 1391 452 1456 Talis
476 1405 578 1455 autem
602 1406 648 1470 est
671 1390 827 1476 quidditas
864 1388 1055 1456 substantiae
1078 1413 1129 1456 sc·
1223 1455 1224 1474 ,

207 1495 342 1567 paratae.
367 1479 470 1544 Potest
505 1480 597 1564 igitur
632 1479 804 1544 intellectos
840 1491 954 1554 noster,
990 1499 1045 1565 per
1077 1499 1132 1546 co-

208 1570 379 1654 gnitionem
403 1589 483 1654 quae
506 1589 542 1632 ex
578 1569 841 1652 phantasmatibus
876 1567 1034 1654 accipitur,
1059 1589 1131 1657 per-

208 1660 313 1723 venire
336 1659 375 1723 ad
399 1657 613 1740 intelligendas
636 1658 820 1721 substantias
842 1671 1008 1741 separatas.

274 1746 417 1812 Procedit
439 1761 542 1810 autem
560 1746 597 1808 ad
615 1746 840 1811 ostendendum
866 1745 948 1809 idem
966 1766 1021 1832 per
1033 1745 1129 1812 aliam

207 1835 342 1902 similam
366 1837 457 1900 viam.
483 1835 572 1899 Ponit
595 1836 678 1900 enim
714 1835 798 1920 quod
822 1833 1011 1899 intellectum
1036 1835 1130 1902 unius

207 1925 263 1999 rei,
288 1938 393 2011 utputa
417 1925 499 2008 equi,
524 1923 605 2008 apud
633 1945 682 1987 me
708 1939 737 1988 et
760 1923 842 2008 apud
867 1923 1132 2009 temultiplicatur

206 2013 307 2100 solum
333 2033 387 2099 per
411 2013 699 2098 multiplicationem
724 2015 896 2099 specierum
921 2013 1131 2098 spiritualium

207 2123 286 2188 quae
310 2116 382 2168 snut
405 2101 544 2174 diversae
571 2103 601 2166 in
626 2123 677 2165 me
701 2116 730 2165 ot
756 2103 786 2164 in
810 2115 848 2166 te.
883 2098 1013 2186 Oportet
1036 2103 1132 2186 igitur

206 2190 290 2276 quad
313 2191 503 2256 intellectum
528 2190 611 2275 quod
637 2211 698 2254 non
736 2205 924 2254 sustentatur
957 2191 988 2255 in
1023 2191 1131 2277 aliqua

207 2281 384 2365 hujusmodi
408 2283 509 2366 specie
532 2283 570 2344 sit
594 2280 675 2343 idern
710 2279 793 2364 apud
827 2292 911 2344 teet
944 2279 1026 2365 apud
1066 2301 1130 2345 me.

207 2368 269 2433 Sed
306 2369 460 2455 quidditas
495 2370 650 2443 intellecti,
687 2388 780 2452 qnam
816 2368 987 2433 intellectus
1018 2382 1130 2434 noster

206 2471 297 2522 natus
320 2472 366 2524 est
389 2459 578 2536 abstrahere,
603 2472 634 2520 nt
658 2457 821 2539 probatum
856 2471 913 2532 est,
936 2477 998 2520 non
1033 2457 1131 2523 habet

207 2545 341 2632 aliquam
366 2548 501 2632 speciem
525 2545 715 2631 spiritualem
740 2559 770 2608 et
800 2544 1033 2624 individualem,
1054 2567 1129 2612 curn

206 2635 359 2720 quidditas
382 2635 526 2700 intellecti
549 2655 611 2698 non
636 2634 672 2696 sit
696 2632 849 2718 quidditas
862 2634 1012 2698 individui
1025 2655 1130 2721 neque

206 2724 490 2810 spiritualisneqne
514 2722 696 2807 corporalis,
731 2744 802 2787 oum
841 2723 1043 2800 intellectum,
1081 2726 1130 2790 iu·

206 2827 355 2898 qnantum
384 2828 429 2878 cst
453 2811 641 2894 hujusmodi,
665 2812 702 2874 sit
738 2812 920 2876 universale.
952 2811 1129 2879 intellectus

205 2902 299 2986 igitur
322 2915 428 2966 noster
450 2915 540 2963 natus
563 2913 609 2962 est
631 2899 801 2983 intelligere
824 2900 1129 2986 quidditatemcujus

206 2991 379 3056 intellectus
402 3004 448 3053 est
472 3009 551 3052 unns
575 2991 656 3073 apud
680 3008 799 3054 omnes.
834 2989 918 3054 Talis
953 3003 1058 3054 autern
1080 3007 1131 3057 est

204 3078 359 3164 quidditas
382 3078 569 3143 substantiae
592 3092 761 3162 separatae.
787 3078 1129 3162 Est‘igiturintellectus

171 3188 174 3194 ·
204 3182 311 3234 noster
334 3180 423 3230 natus
445 3185 632 3248 cognoscere
655 3168 857 3230 substantiam
880 3181 1065 3252 separatam.

273 3254 304 3318 Si
328 3267 431 3318 autern
456 3255 618 3340 diligenter
640 3255 862 3335 consideretur,
885 3256 952 3319 viae
975 3257 1051 3320 istae
1074 3254 1129 3321 lri-

205 3344 295 3408 volae
318 3344 522 3408 invenientur.

271 3431 449 3498 Cunteuim
474 3433 674 3506 intellectum,
713 3432 895 3518 inquantum
934 3429 1129 3516 hujusmodi,

204 3523 241 3587 sit
265 3522 448 3604 universale,
464 3537 584 3610 oportet
607 3520 690 3609 quod
714 3521 868 3608 quidditas
905 3519 1050 3589 intellecti
1087 3524 1129 3588 sit
1157 3565 1160 3574 ,
