2516 3968
227 243 291 308 tta
528 265 583 309 ιιι.
615 264 658 330 up
684 263 748 310 etr.
777 265 820 308 nn.

226 352 384 398 versarum
408 335 491 398 enim
515 334 686 420 specierum
711 333 822 398 diversi
846 346 916 400 sunt
954 333 1041 400 fines.
1077 333 1140 399 Sed

225 420 294 486 linis
317 423 347 485 in
371 441 464 508 qucm
488 422 582 488 horno
606 421 746 508 dirigitur
769 443 824 509 per·
846 422 991 488 auxilium
1013 423 1140 488 divinae

224 510 341 594 gratiae
363 523 409 574 cst
431 531 524 593 supra
547 525 689 576 naturam
712 511 892 578 humanam.
916 511 995 596 Ergo
1017 524 1142 597 oportet
1244 509 1245 578 ι

224 599 309 684 quod
332 599 450 664 homini
472 599 697 686 superaddatur
719 599 1141 703 aliquasupernaturalisfor·
1244 635 1245 660 t

224 708 275 752 ma
299 701 329 752 ct
352 687 509 774 perfectio,
534 709 588 774 per
611 707 705 774 quam
729 691 947 786 convenienter
981 689 1142 756 ordinetur

225 777 255 842 in
279 767 373 841 linem
399 777 600 862 praedictum.

292 866 378 944 ltem,
402 863 531 952 Oportet
553 865 637 968 quod
662 866 758 932 homo
792 865 831 930 ad
866 865 1008 932 ultimum
1044 867 1140 932 tinem
1244 883 1245 918 ³

226 973 282 1040 per
304 955 443 1040 proprias
467 955 663 1042 operationes
690 955 857 1042 perveniat.
891 955 1142 1042 Unumquodque

224 1055 490 1129 aurem-operatur
512 1043 684 1109 secundum
709 1044 864 1130 propriam
888 1043 1141 1130 formamopor-

225 1144 266 1196 tet
290 1131 392 1215 igitur,
416 1132 455 1196 ad
480 1133 540 1198 hoc
562 1131 646 1234 quod
674 1133 769 1198 homo
793 1132 978 1218 perducatur
1001 1134 1032 1198 in
1072 1133 1144 1198 ulti·

225 1241 312 1284 mum
338 1220 431 1286 finem
455 1241 523 1306 per
532 1221 673 1308 proprias
698 1223 902 1308 operationes,
925 1221 1009 1309 quod
1035 1242 1142 1324 super-

225 1309 355 1374 addatur
378 1311 404 1374 ei
429 1310 530 1395 aliqua
554 1310 666 1384 forma,
689 1331 726 1376 ex
749 1331 810 1397 qua
844 1309 911 1396 ejus
948 1311 1143 1398 operationes

225 1398 358 1483 aliquam
383 1396 550 1465 efficaciam
575 1399 725 1488 accipiant
761 1400 958 1487 promerendi
996 1399 1143 1465 ultimum

225 1486 331 1552 frnem

294 1575 466 1654 Praeterea,
489 1576 608 1642 Divina
625 1575 819 1662 providentia
843 1576 985 1643 omnibus
1001 1576 1145 1662 providet

229 1664 400 1730 secuudum
424 1665 552 1730 modum
576 1685 650 1730 suae
673 1678 811 1744 naturae,
835 1678 868 1730 ut
891 1685 930 1732 cx
961 1665 1145 1752 supradietis

224 1755 266 1837 (c.
291 1755 348 1840 37)
372 1767 463 1840 patet.
488 1755 538 1820 Est
560 1767 663 1818 autam
687 1755 736 1820 hic
757 1754 869 1820 modus
886 1756 1026 1842 proprius
1042 1755 1144 1820 homi-

224 1842 315 1908 nibus
338 1842 421 1944 quod
450 1843 499 1907 ad
534 1842 755 1928 perfectionem
777 1863 904 1908 suarum
927 1844 1144 1946 operationum

226 1943 348 2014 oportet
370 1931 414 1994 eis
438 1933 548 2005 inesse,
571 1932 842 2016 supernaturales
865 1934 1027 2018 potentias,
1051 1951 1143 2017 quas·

146 2022 149 2026 ’
225 2019 296 2082 dam
331 2017 532 2104 perfectiones
554 2033 584 2084 ct
607 2021 729 2086 habitus
766 2019 878 2106 quibus
916 2022 1003 2108 quasi
1026 2041 1144 2086 conna-

225 2107 363 2172 turaliter
393 2119 423 2172 et
445 2107 574 2174 faciliter
597 2123 638 2173 ct
632 2109 863 2194 {delectabiliter
884 2109 1003 2175 bonum
1020 2109 1145 2176 etbene

224 2210 402 2283 operentur.
425 2196 519 2290 lgitur
542 2198 689 2263 ιιιιιιίΙίιιιιι
713 2197 839 2283 gratiae,
871 2199 956 2300 quod
996 2199 1092 2266 horno
1125 2219 1144 2263 a
1244 2213 1245 2276 4

224 2285 294 2350 Deo
317 2287 516 2371 consequitur
539 2287 578 2350 ad
602 2287 878 2372 perveniendum
870 2309 901 2351 ιιι
929 2283 1073 2352 ultimum
1112 2287 1146 2352 fi·
1244 2303 1245 2306 ’

224 2385 307 2450 nem,
333 2375 467 2460 aliquam
491 2375 625 2440 formam
648 2375 910 2462 etperfectionem
934 2377 1145 2442 homimines
1244 2417 1245 2464 3

223 2483 257 2528 se
281 2463 432 2546 designat.

289 2551 366 2614 Hinc
390 2553 540 2637 estquod
564 2553 660 2637 gratia
683 2551 741 2616 Dei
766 2553 796 2616 in
820 2551 1075 2639 Scripturaquasi
1092 2554 1145 2620 lux
1244 2609 1245 2618 ι

223 2639 376 2727 quaedam
400 2640 592 2725 designatur
610 2641 681 2706 dicit
714 2641 807 2704 euim
832 2641 1003 2744 Apostolus:
1038 2642 1147 2708 Eratis

222 2730 392 2814 aliquando
416 2729 569 2808 tenebrae
602 2751 682 2794 nuuc
718 2741 846 2794 actem
859 2732 946 2796 luc
935 2752 966 2795 ιιι
1002 2731 1146 2811 Domino,

222 2819 345 2905 Ephes,
369 2819 399 2895 5,
423 2819 453 2883 8.
476 2819 629 2884 Decenter
652 2833 754 2900 autem
779 2817 925 2905 perfectio
960 2840 1015 2906 per
1049 2841 1145 2906 quarn

223 2908 318 2974 homo
341 2922 539 3011 promovetur
562 2908 593 2972 in
618 2893 761 2973 ultimum
785 2907 890 2987 finem,
927 2928 1007 3011 quae
1031 2909 1062 2974 in
1087 2909 1146 2974 Dei

224 2998 340 3062 risione
364 2997 510 3076 consistit,
535 2994 645 3062 dieitur
669 2996 731 3075 lux,
765 3017 846 3083 quac
879 3010 925 3062 est
959 2998 1147 3084 principium
1244 2993 1245 3054 l

225 3085 360 3150 videndi.

292 3175 350 3238 Per
374 3172 433 3238 hoc
458 3188 561 3238 autem
596 3145 767 3239 eiclu'ditur
800 3174 904 3262 upiuio
937 3174 1147 3259 quorumdam

224 3263 403 3328 dicentium
427 3263 510 3366 quod
534 3264 630 3348 gratia
656 3263 711 3327 Dei
736 3263 844 3328 nihil
837 3285 867 3328 ιιι
892 3263 1016 3328 homine
1050 3264 1148 3349 ponit,

224 3355 299 3417 sicut
336 3351 441 3416 nihil
435 3373 465 3416 m
490 3351 592 3438 aliquo
616 3353 740 3438 ponitur
776 3373 814 3417 ex
838 3352 903 3417 hoc
929 3350 1013 3438 quod
1036 3351 1149 3418 dicitur

225 3441 359 3522 gratiam
384 3441 464 3524 regis
487 3439 613 3518 habere,
637 3441 691 3505 scd
713 3441 814 3506 solum
840 3442 869 3505 iu
893 3459 967 3525 rege
981 3441 1148 3526 diligente.

224 3529 412 3610 Patetergo
436 3547 489 3593 eos
513 3527 606 3594 fuisse
630 3528 775 3616 deceptos
797 3550 834 3596 ex
870 3529 929 3596 hoc
962 3529 1050 3616 'quod
1083 3549 1148 3595 nou
1244 3575 1245 3578 ι
