2516 3968
229 221 295 290 398
515 245 574 292 ιιι.
595 247 638 292 ιιι.
663 246 731 292 etr.
755 237 862 292 cxxsrr.

231 355 234 360 ·
297 309 381 390 ltere,
404 309 583 381 Communis
607 316 761 401 possessio
784 313 864 380 solet
884 329 952 380 esre
982 331 1078 381 causa
1102 312 1149 382 dp

227 399 378 481 socratas,
400 422 463 468 non
486 405 568 468 enim
593 397 738 470 videntur
760 403 881 488 litigare
903 402 955 488 qui
979 403 1058 469 nibil
1089 404 1148 471 ba-

226 489 486 568 beateommuce,
509 507 542 558 ut
565 493 688 579 Hispani
711 506 742 558 et
764 493 888 567 Persae,
921 491 977 557 sed
1015 491 1070 580 qui
1106 495 1149 560 si·

226 578 291 644 mul
313 578 428 646 babent
450 581 565 668 aliquid
588 599 764 660 cornarane3
787 592 913 668 propter
941 581 1025 666 quod
1047 581 1146 650 etiam

226 667 306 734 iuter
327 665 436 734 iratres
457 683 528 734 sunt
548 669 659 755 jurgia.
684 669 843 736 Discordia
870 680 973 734 autem
1004 671 1145 738 maxime

224 755 353 844 impedit
375 757 563 823 cambonem
587 759 698 824 mentis
714 759 794 824 eirca
817 757 932 835 diuina,
967 771 1002 824 ut
1023 759 1144 826 dietum

224 857 271 910 est
293 850 345 931 (e.
371 845 473 930 taut
497 846 624 914 Videtur
648 848 739 932 igitur
778 848 835 914 iste
873 845 985 914 modus
1019 848 1146 916 vivendi

101 951 103 958 ·
224 933 374 1021 impedire
396 933 491 1000 linem
515 937 704 1001 voluntariae
728 935 927 1023 paupertatis.

290 1021 398 1088 Adhuc
413 1036 517 1090 autem
540 1039 585 1090 est
609 1026 716 1090 tertius
740 1024 854 1090 modus
878 1023 1011 1103 vivendi,
1037 1038 1078 1090 'ut
1101 1024 1144 1092 de

223 1108 380 1176 laboribus
402 1130 550 1178 manuum
573 1134 699 1178 suarum
723 1113 825 1178 vivant
846 1113 899 1200 qui
933 1113 1142 1181 voluntariam

223 1211 435 1286 paupertatem
457 1210 624 1280 sectao'tur3
647 1221 741 1288 quern
766 1201 893 1289 quidem
915 1201 1037 1270 vivendi
1071 1223 1143 1269 mo·

223 1287 298 1354 dum
323 1287 436 1355 Paulus
458 1290 620 1376 Apostolus
636 1290 839 1377 sequebatur,
861 1303 892 1358 et
924 1290 992 1356 aliis
1030 1290 1143 1358 obser·
1249 1361 1250 1368 ,

223 1375 358 1442 vandum
381 1397 438 1444 suo
460 1379 602 1465 exemplo
627 1392 657 1444 et
680 1380 868 1445 institutione
884 1379 1010 1458 dimisit3
1024 1380 1149 1448 dicitur

222 1466 318 1530 euim:
339 1465 444 1551 Neque
464 1469 564 1552 pratis
584 1489 699 1552 pacem
722 1469 978 1535 manducavimus
1012 1468 1055 1534 ab
1076 1470 1141 1534 ali·

221 1573 293 1638 qtto,
314 1555 370 1620 scd
392 1556 425 1620 itt
448 1555 554 1622 labore
575 1569 604 1621 ct
625 1558 659 1621 ia
679 1555 873 1641 (stipatione,
896 1569 981 1623 aoctc
1018 1569 1049 1622 et
1085 1559 1141 1624 die

222 1654 394 1728 operantes,
415 1665 453 1709 ae
474 1665 563 1730 quem
577 1659 713 1711 acetrum
734 1665 945 1731 procuremus.
964 1645 1140 1729 Nouquuti

222 1752 285 1797 aaa
320 1732 519 1800 habuerimus
554 1746 748 1820 patestatem,
785 1736 840 1800 red
868 1747 900 1800 ut
932 1737 1140 1820 nosmetipsos

220 1821 355 1906 formam
376 1823 523 1888 daremus
544 1825 630 1889 uobis
656 1824 700 1888 ad
735 1824 921 1890 imitandum
952 1843 1018 1889 ttae.
1052 1823 1139 1892 uam

220 1921 252 1974 et
272 1930 342 1975 cum
358 1931 491 1976 essemus
514 1913 600 1996 apud
621 1933 685 1988 uos,
708 1913 764 1978 bac
778 1911 1039 1979 denuntiabamus
1049 1913 1138 1980 cabis

219 2000 425 2156 imilelti‘
440 2001 514 2155 lli
526 2001 1139 2158 u'ttllltttt‘ttttttlul

218 2175 339 2244 vitietur
360 2197 429 2245 esse
450 2180 645 2244 conveniens.

285 2266 385 2332 Labor
407 2267 490 2333 enirn
514 2268 664 2332 manualis
700 2268 891 2334 necessarius
923 2278 970 2334 est
1006 2267 1048 2334 ad
1078 2288 1134 2335 ru·

218 2356 432 2422 stentatioaeru
456 2357 545 2430 vitae,
565 2355 737 2422 secundum
760 2357 844 2444 quod
867 2376 923 2444 per
951 2357 1053 2444 ipsum
1076 2357 1136 2422 ali·

218 2442 294 2530 quid
316 2444 493 2530 acquiritur.
517 2444 638 2511 Vanum
661 2460 765 2510 autem
789 2445 910 2511 videtur
946 2445 1030 2532 quotl
1053 2445 1135 2533 quis,

217 2531 371 2620 reliquens
394 2532 469 2600 illud
485 2533 567 2622 quod
589 2535 799 2600 necessarium
819 2549 877 2610 est,
891 2535 1004 2600 iterum
1026 2536 1136 2621 acqui·

217 2641 287 2690 rere
309 2621 438 2688 labaret.
461 2621 494 2687 Si
510 2623 602 2708 igitur
614 2636 682 2709 post
697 2623 904 2688 voluntariam
918 2635 1135 2711 paupertatem

216 2723 262 2777 est
284 2709 489 2778 necessarium
512 2712 624 2777 iterum
647 2713 807 2798 acquirere
844 2712 927 2777 unde
949 2711 1059 2798 aliquis
1080 2733 1134 2780 su·

214 2812 366 2866 stauretur
387 2817 442 2888 per
465 2799 603 2866 laborem
626 2800 814 2878 matruelem,
849 2821 962 2866 vanum
985 2799 1044 2866 luit
1079 2801 1133 2870 illa

215 2888 369 2956 dimittere
392 2889 495 2954 omnia
519 2909 599 2976 quae
636 2889 769 2956 habebat
803 2887 849 2956 ad‘
873 2890 1133 2960 sustentationem

215 2978 307 3045 vitae.

168 3107 173 3130 ι
281 3067 398 3147 Adbuc,
412 3064 595 3134 ¹Voluntaria
618 3079 781 3154 paupertas
804 3065 843 3132 arl
866 3065 927 3133 hoc
959 3065 1133 3135 consulitur

216 3168 250 3222 ut
272 3175 329 3242 per
350 3175 420 3222 eam
443 3156 552 3243 aliquis
590 3155 769 3243 disponatur
801 3155 841 3222 ad
878 3156 1049 3244 expeditius
1082 3177 1132 3224 se·

214 3245 373 3332 quendum
397 3244 561 3323 Citristum,
585 3263 640 3332 per
663 3247 723 3310 boc
744 3243 828 3331 quod
862 3264 880 3310 a
917 3245 1133 3312 sollicitudini·

214 3333 273 3400 bus
294 3333 503 3404 saecularibus
518 3333 674 3399 liberatur.
692 3332 839 3418 llajorem
862 3346 967 3400 autem
981 3335 1133 3402 sollicitu-

214 3421 323 3489 (littam¹
342 3423 501 3511 requirere
521 3421 643 3489 uidetur
665 3425 749 3510 quod
785 3421 892 3511 aliquis
928 3424 1053 3512 proprio
1087 3423 1133 3491 la·

214 3510 292 3576 bore
312 3512 370 3580 sibi
393 3510 506 3606 victum
542 3511 678 3598 acquirat
711 3530 808 3598 ¹quatu
844 3511 927 3599 quod
966 3512 1013 3581 bis
1050 3533 1134 3601 quae
