2516 3968
412 257 468 302 tra.
493 259 533 305 ur.
557 258 621 305 etr.
645 259 739 305 ertrv.
944 267 949 274 ·
975 240 1039 308 459

126 365 131 372 ·
182 325 259 392 llinc
282 325 434 411 estquod
457 325 576 394 dicitur:
601 330 758 396 Disceditc
791 349 896 405 ome,
934 350 1040 396 omnes

34 431 37 444 ³
117 415 364 570 puiqpperomini
386 414 591 500 iniquitatem,
614 418 719 494 Psal,
743 418 775 495 6,
797 418 829 497 9,
868 433 899 484 ει
932 419 1038 486 llattlt.

407 679 464 746 ot
479 681 501 749 P
516 680 578 747 UT
624 679 750 750 exutv.

121 899 124 904 -
152 859 243 941 Quod
260 839 325 944 prr
337 869 500 960 peccatum
521 863 786 964 mortaleoltimo
807 863 867 950 fine
890 837 1005 948 uliquis

382 967 416 1011 ru
434 960 594 1015 oeternum
612 962 768 1035 precator.

184 1125 314 1214 Oportet
336 1138 439 1192 autem
462 1125 543 1192 hanc
565 1147 698 1215 poenam
723 1149 784 1215 qua
807 1129 879 1214 quis
903 1130 1039 1215 privatur
1062 1169 1066 1178 ·

118 1215 227 1282 ultimo
249 1216 310 1281 fine
333 1234 402 1279 esse
425 1215 697 1282 interminabilem.

184 1304 422 1369 Privatioeuim
461 1303 590 1390 alicujus
628 1325 690 1371 non
730 1317 777 1371 est
815 1305 873 1371 nisi
912 1306 1039 1394 quaudo

115 1407 225 1459 tratum
248 1409 294 1458 est
317 1391 434 1470 haberi3
469 1413 531 1458 non
566 1394 649 1458 enim
684 1395 804 1460 catulus
837 1415 910 1459 mox
948 1409 1038 1461 natus

115 1482 228 1548 dicitur
251 1482 316 1549 risu
340 1481 484 1566 privatus.
515 1481 664 1547 Ultimum
702 1496 805 1548 autem
845 1483 939 1549 linem
974 1505 1038 1550 non

115 1585 164 1636 est
187 1571 282 1636 homo
305 1583 393 1656 aptus
416 1583 505 1635 uatus
543 1571 689 1656 consequi
728 1572 760 1636 in
800 1572 858 1637 hac
894 1575 965 1652 vita,
1005 1586 1038 1637 ut

115 1658 281 1746 probatum
311 1671 356 1724 est
380 1659 432 1745 (c.
457 1657 536 1744 tn).
573 1658 706 1724 Privatio
745 1679 820 1745 ergo
858 1660 1037 1745 hujusmodi

116 1748 187 1814 finis
210 1759 332 1835 oportet
353 1747 436 1833 quod
459 1747 497 1812 sit
520 1767 619 1831 poena
643 1760 712 1835 post
734 1749 814 1815 hanc
848 1751 952 1814 vitam.
975 1749 1038 1816 Sed

116 1837 288 1926 posthanc
310 1836 402 1900 vitam
425 1857 487 1902 non
510 1852 650 1902 remanet
673 1837 791 1902 homini
823 1836 950 1904 facultas
974 1839 1038 1904 adi·

116 1925 254 2013 piscendi
278 1925 421 1991 ultimum
445 1926 551 2004 finem;
575 1927 677 1992 anima
705 1927 788 1993 enirn
829 1926 946 2012 indiget
969 1948 1037 1994 cor·

115 2035 193 2102 pore
216 2015 255 2080 ad
278 2015 527 2080 consecutionem
563 2016 610 2080 sui
649 2016 730 2093 finis,
764 2017 946 2101 inquantum
983 2038 1039 2104 per

115 2123 229 2190 corpus
252 2102 472 2190 perlectionem
497 2103 637 2191 acquirit,
666 2117 697 2169 et
721 2106 752 2169 in
789 2105 916 2169 scientia
952 2119 983 2170 ει
1006 2107 1041 2171 iu

111 2193 238 2271 ·virtute;
260 2192 363 2257 anima
386 2206 501 2269 autern,
522 2205 683 2278 postquam
723 2191 816 2257 luerit
851 2214 868 2256 a
908 2213 1040 2278 corpore

115 2295 268 2368 separata,
291 2301 353 2345 non
376 2279 457 2344 redit
479 2279 591 2344 iterum
615 2280 654 2344 ad
683 2280 767 2344 hunc
805 2293 920 2346 statum
955 2281 1040 2366 quod

119 2389 308 2458 percorpus
346 2367 565 2456 perfectionem
605 2367 744 2455 accipiat,
780 2367 859 2434 sicot
896 2369 1040 2435 dicebant

120 2459 451 2545 transcorporetionem
476 2469 637 2543 ponentes,
658 2472 764 2521 eontra
788 2478 866 2542 quos
896 2459 1040 2545 superius

117 2546 307 2635 disputatum
331 2559 385 2610 est.
410 2545 543 2611 Necesse
566 2559 612 2611 est
651 2544 743 2630 igitur
776 2547 860 2631 quorl
898 2547 951 2612 illc
986 2548 1040 2634 qui

117 2635 177 2702 lrac
200 2655 298 2723 poena
322 2635 447 2722 punitur
471 2634 579 2700 ultimo
602 2633 663 2700 fine
687 2634 824 2721 privetur
846 2636 920 2700 etin
942 2651 1040 2702 aeter·
1076 2687 1084 2700 .

117 2745 194 2790 num
218 2727 354 2810 privatos
378 2737 546 2788 remaneat.

185 2813 303 2891 Adhuc,
326 2813 357 2878 Si
382 2811 450 2896 quis
474 2811 612 2898 privatur
637 2831 676 2877 eo
698 2809 781 2897 quod
806 2813 906 2877 estin
930 2824 1040 2878 natura

116 2899 185 2985 ejus
208 2914 241 2966 ut
275 2901 435 2978 habeatur,
474 2901 663 2988 impossibile
697 2913 744 2964 est
779 2898 855 2966 illud
894 2901 1042 2987 reparari,

115 2989 176 3054 nisi
201 2989 253 3056 fiat
275 2991 422 3056 resolutio
461 2991 492 3055 in
532 2989 760 3074 praejacentem
799 2990 972 3064 materiam,
1008 3002 1041 3055 ut

117 3079 230 3144 iterum
254 3079 338 3144 aliud
361 3079 400 3144 de
423 3099 503 3145 novo
528 3091 704 3162 generetur,
729 3076 807 3142 sicut
830 3098 901 3143 cum
925 3078 1041 3144 animal

115 3165 227 3232 amittit
249 3169 348 3233 visum
371 3182 423 3234 aut
457 3168 552 3234 alium
590 3186 726 3232 sensum.
768 3165 959 3254 lmpossiltilc
996 3183 1043 3234 est

108 3269 223 3320 autem
247 3255 329 3342 quod
354 3257 385 3322 id
409 3257 492 3344 quod
524 3255 590 3342 jam
625 3266 805 3340 generatum
844 3268 890 3321 est
929 3256 1041 3322 iterum

106 3358 294 3428 generetur,
317 3345 375 3410 nisi
399 3348 534 3434 primum
573 3356 800 3429 corrumpatur;
832 3357 863 3408 et
898 3357 970 3409 tuno
1004 3365 1042 3411 ex

115 3432 227 3498 eadem
251 3434 380 3500 materia
404 3435 516 3521 poterit
537 3431 620 3499 aliud
643 3432 755 3498 iterum
790 3433 943 3517 generari,
977 3453 1040 3500 non

107 3519 367 3604 'idem‘numern
389 3523 445 3591 sed
468 3522 581 3612 specie.
605 3521 665 3590 lies
687 3531 790 3589 eutem
814 3521 990 3609 spiritualis,
1008 3537 1040 3591 ut
