2514 3972
320 295 324 302 .
422 264 479 309 nn.
502 266 544 312 ιιι.
568 265 631 312 car.
656 266 754 313 ιιιιιι.
980 245 1044 314 559

112 327 219 421 ‘igitur
253 351 291 400 ex
325 331 393 417 lege
416 332 520 400 diuina
542 335 574 401 in
598 335 692 402 fidem
717 349 834 403 rectam
857 335 1045 404 inducimur.

191 423 279 502 ltem,
302 421 364 488 Lex
387 421 488 488 divina
511 424 633 490 adhoc
667 426 788 492 ordinat
827 425 988 494 bominem
1011 435 1047 490 ot

125 511 166 577 sit
189 511 323 578 totaliter
345 510 486 578 subditus
508 513 585 579 Deo.
608 513 681 594 Sed,
704 515 782 582 sicut
808 513 906 580 homo
937 514 1046 582 subdi·

126 601 258 668 turDec
281 601 425 680 amando,
447 615 598 687 quantum
622 603 661 669 ad
684 604 885 682 volontatem,
907 603 949 670 ita
972 602 1048 670 sub·

125 689 210 756 ditur
234 691 299 757 lleo
321 689 488 768 credendo,
510 687 660 778 quantum
684 692 723 760 ad
757 692 959 771 intellectum3
983 712 1047 758 non

124 791 233 845 autem
256 779 412 846 credendo
436 779 553 865 aliquid
581 780 706 859 falsum,
729 783 801 869 quia
824 803 842 847 a
877 781 956 861 Deo,
993 780 1046 867 qui

123 879 172 937 est
193 868 314 948 veritas,
336 867 459 935 nullum
481 869 592 936 lalsum
617 871 738 936 bomini
769 871 899 958 proponi
936 883 1051 957 potest3

123 955 285 1044 undequi
308 956 406 1024 credit
428 957 554 1044 aliquod
578 958 690 1026 falsum
713 980 776 1025 non
800 959 896 1026 credit
912 959 1047 1026 Deo.Ex
1099 985 1107 1000 ·

124 1043 196 1132 lege
221 1046 314 1134 igitur
335 1046 439 1114 divina
463 1047 648 1115 ordinantur
670 1049 813 1116 homines
826 1047 864 1114 ad
878 1048 974 1116 fidem
997 1068 1048 1114 re·

125 1147 218 1201 tilam.

193 1223 311 1302 Adhuc,
335 1223 531 1312 Quicumque
554 1238 635 1291 errat
658 1227 737 1292 circa
762 1224 889 1313 aliquod
901 1225 985 1312 quod
1001 1236 1049 1291 est

126 1311 175 1377 de·
192 1314 320 1378 essentia
344 1313 389 1378 rei
412 1334 475 1379 non
499 1315 658 1400 cognoscit
691 1315 776 1380 illam
808 1335 886 1395 rem,
910 1315 988 1380 sicut
1022 1314 1048 1380 si

124 1401 219 1489 aliqui
257 1402 504 1490 apprehenderet
527 1403 642 1469 animal
666 1403 854 1483 irrationale,
881 1405 1047 1469 aestimans

125 1489 188 1556 boc
210 1510 278 1556 esse
301 1491 472 1568 bominem
495 1512 557 1557 non
580 1505 782 1578 cognosceret
804 1493 975 1568 hominem
1000 1512 1049 1558 se-

127 1599 183 1644 cus
206 1591 309 1645 autem
332 1592 425 1658 esset,
446 1582 471 1646 si
495 1594 612 1647 erraret
634 1581 714 1648 cirea
741 1581 867 1667 aliquod
904 1579 1047 1646 acciden-

125 1668 205 1733 tium
228 1668 305 1755 ejus.
329 1668 403 1743 Sed,
440 1667 470 1734 in
508 1669 698 1758 compositis,
721 1670 774 1757 qui
797 1684 864 1736 erat
886 1670 968 1735 circa
991 1670 1048 1735 ali-

126 1755 212 1843 quod
232 1759 455 1845 principiorum
478 1759 700 1838 essentialium,
723 1759 780 1824 etsi
803 1771 1047 1844 ncnccgnoscat

126 1865 195 1913 rem
233 1845 422 1934 simpliciter,
459 1860 563 1914 tamen
586 1849 745 1934 cognoscit
766 1867 835 1912 eam
874 1846 1047 1914 secondum

127 1934 215 2022 quid,
236 1935 315 2001 sicut
336 1936 391 2022 qui
413 1935 566 2002 existimat
590 1936 751 2002 bominem
775 1956 843 2004 csse
868 1935 985 2002 animal
1007 1937 1050 2002 ir·

126 2023 277 2090 rationale
299 2025 457 2110 cognoscit
479 2047 551 2092 eum
574 2025 746 2092 secundom
769 2046 868 2112 genos
890 2046 993 2104 suum3
1016 2027 1049 2092 in

126 2112 319 2198 simplicibus
342 2127 458 2192 autem;
480 2115 540 2180 boc
567 2135 630 2180 noo
667 2125 768 2202 potest
802 2114 954 2192 accidere,
992 2115 1049 2180 sed

127 2202 257 2288 quilibet
293 2222 380 2269 error
418 2203 568 2268 totaliter·
589 2203 723 2268 excludit
752 2203 961 2288 cognitionem
994 2204 1050 2268 rei.

127 2290 215 2357 Deus
237 2302 341 2358 autem
364 2303 411 2358 est
433 2293 567 2358 maxime
589 2292 728 2378 simplex.
752 2292 832 2377 Ergo
862 2292 1051 2379 quicumque

129 2393 214 2446 errat
235 2380 316 2447 circa
340 2379 442 2447 Deum
464 2401 528 2446 non
552 2380 713 2464 cognoscit
732 2380 846 2460 Deum
884 2381 962 2446 sicut
998 2381 1053 2466 qui

128 2468 228 2535 credit
263 2468 366 2535 Deum
388 2489 456 2538 esse
494 2479 607 2557 corpus
648 2468 734 2534 nullo
758 2469 854 2536 medo
884 2478 1051 2554 cognoscet

128 2557 244 2638 Deum
266 2557 322 2624 red
343 2559 548 2646 apprehendit
570 2557 685 2644 aliquid
708 2558 792 2624 aliud
815 2558 884 2625 loco
906 2558 975 2625 Dei.
998 2557 1052 2624 Se·

122 2645 269 2713 cundum
292 2659 395 2714 autem
418 2647 503 2735 quod
527 2646 645 2734 aliquid
656 2647 864 2732 cognoscitur,
879 2648 1053 2714 secundom

124 2734 191 2800 boc
213 2751 334 2801 amatur
367 2750 398 2802 et
432 2735 715 2817 desideraturos
739 2755 815 2820 ergo
853 2749 935 2802 errat
972 2735 1053 2803 circa

129 2824 243 2903 Deum,
280 2843 340 2890 nce
378 2845 483 2890 amare
521 2838 620 2913 potest
658 2825 760 2890 Deum
784 2844 842 2890 nec
876 2823 1053 2891 desiderare

124 2913 231 2999 ipsum
249 2927 282 2980 ut
304 2912 410 2980 linem.
431 2913 509 2980 Cum
533 2913 626 2999 igitur
647 2913 697 2980 lar
720 2912 824 2980 diviua
847 2911 887 2978 ad
911 2913 971 2979 hoc
987 2926 1054 2979 ten·

126 3001 181 3067 dat
205 3015 243 3077 ιιι,
261 3003 405 3068 homines
427 3016 532 3070 ament
555 3015 585 3066 et
608 3001 787 3069 desiderent
801 3001 919 3080 Βιιιιιι,
932 3015 1055 3089 oportet

124 3090 214 3176 qood
247 3092 316 3177 lege
353 3092 456 3157 divina
495 3092 636 3157 homines
672 3090 850 3176 obligentur
873 3091 911 3156 ad
937 3103 1054 3158 rectam

128 3179 228 3246 lidem
250 3181 425 3248 habendam
449 3179 489 3246 de
510 3181 589 3245 Deo.

194 3267 346 3356 Amplius,
367 3269 456 3335 Falsa
479 3269 583 3355 opinio
608 3267 648 3334 ita
670 3285 705 3332 se
743 3265 837 3332 babet
876 3265 908 3333 io
937 3267 1055 3334 'intelli-

76 3363 79 3370 ‘
127 3356 275 3441 gibilibus
297 3359 377 3425 sicut
399 3359 506 3424 vitium
530 3357 633 3422 virtuti
672 3355 849 3443 oppositum
873 3355 905 3421 in
928 3357 1055 3424 morali·

130 3447 202 3525 bu‘s3
223 3466 295 3514 uam
320 3449 438 3514 bonum
471 3446 643 3512 intellectus
683 3457 731 3510 ast
765 3463 885 3510 verona.
919 3445 981 3512 Sed
1015 3447 1054 3512 ad
1191 3447 1197 3460 “

129 3533 233 3622 legem
255 3535 393 3606 divinam
415 3536 548 3627 pertinet
570 3535 641 3602 uitia
671 3532 862 3623 proibibere.
899 3534 981 3622 Fuge
1014 3535 1055 3603 ad
