2516 3968
413 242 468 288 ιιι.
494 244 534 288 ιιι.
563 242 626 290 ιιι.
653 245 758 290 oraru.
984 226 1047 292 lli

407 398 591 466 CAPUT
630 399 767 470 exitu.

128 575 218 658 Qttod
241 575 329 642 loma
352 575 469 664 indiget
497 579 601 644 divino
624 580 742 644 cornilio
764 578 807 641 od
831 575 1049 646 beatitudinem

460 669 713 754 consequendam.

196 842 275 925 Quia
300 863 373 908 tero
395 863 433 908 ex
455 845 666 932 superioribus
690 843 888 910 manifestum
904 856 949 908 est
965 845 1049 930 quod

124 927 229 1001 diuina
253 932 444 1018 providentia
461 934 549 1000 aliter
564 934 699 1021 disponit
714 947 869 1002 creaturas
885 933 1050 1000 rationales

124 1041 218 1107 quam
242 1041 291 1086 res
315 1021 400 1100 alias,
422 1023 594 1088 secandum
629 1021 713 1108 quod
737 1023 767 1086 in
791 1021 968 1088 conditione
991 1043 1045 1088 na-

126 1123 213 1174 turae
237 1110 379 1196 propriae
402 1110 442 1176 ab
457 1111 524 1177 aliis
539 1111 694 1190 differunt,
709 1125 802 1176 restat
819 1110 1045 1178 ostendendum

126 1198 223 1283 quod,
245 1203 338 1264 etiam
361 1220 399 1264 ex
421 1199 569 1286 dignitate
603 1200 683 1275 linis,
710 1199 824 1266 altioris
848 1200 1045 1284 gubernatio·

125 1287 174 1352 nis
198 1287 309 1354 modos
331 1308 347 1352 a
373 1288 473 1354 divina
498 1289 689 1377 providentia
713 1289 758 1354 cis
782 1288 956 1362 adhibetur.

193 1375 385 1442 Manifestum
410 1392 456 1443 est
481 1393 583 1444 autem
615 1377 711 1464 quod,
740 1377 912 1444 seeundum
933 1398 1045 1444 conve-

125 1464 274 1530 nientiam
298 1485 372 1530 suae
394 1480 535 1544 naturae,
555 1466 594 1532 ad
617 1467 757 1532 altiorem
780 1467 1044 1554 participationem

124 1553 196 1619 finis
220 1555 413 1640 perveniunt.
437 1555 517 1637 Quia
552 1557 634 1622 enim
669 1554 882 1623 intellectualis
917 1569 1045 1622 natiuae

124 1655 207 1722 sont,
230 1663 286 1729 per
307 1661 396 1708 suam
419 1645 633 1731 operationem
647 1643 869 1729 intelligibilem
885 1648 1045 1712 veritatem

124 1733 275 1816 attingere
299 1746 437 1817 possunu
468 1733 550 1818 quod
585 1733 651 1798 aliis
685 1733 779 1802 rebus
803 1753 864 1798 non
898 1735 1045 1821 competit

124 1839 205 1906 quae
229 1819 384 1886 intellecto
406 1835 522 1886 carent.
550 1821 586 1887 Et
612 1821 784 1888 secundum
818 1821 901 1907 quod
936 1823 975 1890 ad
998 1825 1045 1888 in·

125 1907 316 1993 telligibilem
356 1910 514 1976 raritatem
558 1911 688 1976 naturali
723 1914 901 1996 operatione
939 1932 1046 1999 perte·

125 1997 225 2076 nient,
250 1995 446 2066 manifestum
469 2012 515 2066 est
537 2000 581 2066 eis
604 1999 692 2065 aliter
722 1999 877 2087 provideri
901 1999 1045 2068 divinitus

124 2106 219 2173 quam
243 2086 309 2152 aliis
332 2087 436 2168 rebus,
460 2088 642 2175 inquantum
677 2089 795 2154 homini
818 2087 907 2155 datus
929 2104 974 2156 est
997 2092 1045 2156 in·

124 2175 264 2242 collectus
287 2190 317 2240 et
339 2177 417 2240 ratio
441 2197 496 2264 per
541 2197 598 2242 uae
622 2178 780 2245 veritatem
804 2190 835 2242 et
868 2177 1044 2246 discernere

117 2264 363 2349 etinvestigare
386 2266 490 2350 possit.
557 2279 624 2330 atae
662 2278 732 2330 sunt
770 2264 862 2328 ctiam
897 2266 925 2332 ei
964 2269 1044 2334 vires

123 2352 297 2430 semiustae,
320 2365 351 2418 et
384 2353 545 2420 interiores
584 2367 614 2420 et
646 2353 823 2432 exteriores,
858 2354 969 2439 quibus
1003 2357 1043 2424 ad

121 2440 369 2527 investigandam
392 2443 551 2508 veritatem
574 2441 746 2528 adjuvetur.
769 2441 867 2508 Datus
889 2456 936 2510 cst
950 2445 1044 2512 ctiam

123 2530 152 2595 ei
175 2529 317 2616 loquelae
341 2550 425 2610 usus,
447 2551 504 2618 per
525 2530 612 2617 cujus
628 2528 762 2596 officium
775 2531 935 2598 veritatem
949 2553 1043 2620 quam

123 2617 235 2706 aliquis
258 2632 363 2684 mente
384 2621 517 2708 concipit
540 2619 626 2686 alteri
663 2617 859 2686 manifestare
882 2624 987 2708 possin
1011 2636 1044 2689 ut

122 2708 167 2774 sic
189 2707 332 2774 homines
354 2707 472 2796 seipsos
499 2709 609 2794 jurent
634 2709 664 2774 in
688 2707 866 2792 cognitione
899 2710 1045 2791 veritatis,

123 2797 202 2862 sicut
224 2809 254 2862 et
277 2796 308 2862 in
332 2795 399 2862 aliis
432 2798 526 2864 rebus
560 2797 739 2864 necessariis
773 2797 861 2876 ritae,
900 2819 971 2864 oum
1006 2801 1045 2866 sit

123 2885 220 2952 homo
243 2884 359 2952 animal
380 2887 560 2954 naturaliter
582 2886 705 2952 sociale.
736 2883 797 2950 Sed
821 2884 948 2953 ulterius
973 2888 1044 2954 ulti·

122 2993 193 3040 mus
215 2973 284 3040 finis
307 2975 440 3042 hominis
463 2977 494 3040 in
527 2975 663 3062 quadam
697 2974 832 3040 veritatis
867 2977 1044 3061 cognitione

121 3064 306 3130 constitutus
328 3075 384 3142 est,
418 3083 497 3150 quae
532 3063 703 3130 naturalem
739 3061 914 3130 facultatem
948 3065 1043 3152 ipsius

121 3152 258 3232 excedit,
281 3164 314 3218 ut
347 3152 463 3218 scilieet
484 3155 583 3240 ipsam
606 3153 737 3240 primam
762 3153 927 3223 raritatem.
944 3155 1044 3222 rideat

120 3242 152 3309 in
179 3241 291 3329 seipsa,
312 3240 391 3326 sicut
413 3260 505 3328 supra
529 3259 687 3310 ostensum
710 3253 765 3306 est.
788 3239 853 3308 flou
868 3256 972 3310 autem
994 3244 1043 3310 in·

121 3328 288 3396 ferioribus
310 3331 458 3396 creaturis
493 3350 555 3396 non
594 3329 752 3417 competit,
786 3343 820 3396 ut
855 3331 970 3398 scilicet
1003 3333 1043 3399 ad

121 3417 218 3486 finem
241 3422 402 3506 pervenire
432 3418 549 3505 possint
582 3419 634 3504 qui
659 3438 768 3484 eorum
791 3417 967 3486 facultatem
990 3443 1043 3487 na·

124 3507 256 3576 turaletu
278 3505 415 3598 excedat.
449 3505 579 3598 Oportet
600 3506 693 3595 igitur
727 3521 778 3586 ut¹
794 3509 888 3578 etiam
904 3530 963 3588 ,en⁴
983 3511 1042 3580 hoc
