2462 3968
326 272 382 315 utu.
407 273 449 315 ιιι.
474 273 537 318 cnr.
564 272 647 318 ucttt.
672 273 707 316 ur
732 273 811 320 xctu.
982 255 1046 320 985

97 339 226 406 habere
254 341 445 418 communia,
469 363 508 406 ne
531 361 567 407 eu
585 342 739 407 consortio
769 340 931 407 nominum
949 345 1044 428 possit

98 431 184 496 sumi
203 429 325 494 erroris
349 429 480 507 occasio,
503 433 629 499 nomine
652 429 704 496 lati
729 451 791 496 non
830 443 876 495 est
901 452 917 496 a
941 431 1041 498 tideli-

99 519 161 584 hus
187 518 295 582 libere
329 518 490 597 utendum,
526 539 565 584 ne
605 520 767 584 uideamur
802 519 860 584 illis
894 521 1043 586 assentire

99 607 164 692 qui
183 607 277 671 male
300 605 413 671 delato
437 622 610 687 senserunt,
636 610 738 674 omnia
767 607 939 673 necessitati
962 609 1043 674 side-

98 715 174 761 rum
202 695 419 781 subjicientes.
450 696 536 762 Unde
574 698 761 782 Augustinus
799 697 881 762 dicit:
908 697 994 777 Quae
1016 701 1044 764 si

97 786 279 870 quisquam
302 785 368 868 suto
394 784 511 864 tribuit,
536 787 610 871 quia
631 789 734 872 ipsum
758 787 817 850 Dei
853 787 1043 852 uolrrututcm

95 875 149 938 trel
187 885 384 958 potestatem
420 875 480 958 suti
512 878 634 940 nomine
668 877 821 959 appellat,
858 877 1044 941 senteutiam

99 972 224 1039 teneat,
252 963 390 1048 linquam
413 966 549 1049 corriput
584 967 642 1051 (l).
678 965 713 1029 Et
754 963 920 1050 Gregorius
958 965 1042 1042 dicit‚·

98 1052 287 1117 secundnm
312 1051 458 1116 eumdem
483 1054 683 1118 intellectum:
721 1053 812 1118 Absit
848 1074 868 1116 a
902 1054 1042 1140 fidelium

99 1140 268 1206 mentibus
292 1141 448 1224 uitiatum
470 1143 593 1227 aliquid
617 1164 681 1208 esse
704 1145 810 1208 dicunt
847 1141 905 1226 (ᾖ).

418 1317 589 1384 claun
629 1317 731 1386 XClV.

256 1495 302 1560 De
325 1495 507 1561 certitudine
530 1497 653 1560 diur'rsue
673 1495 898 1580 prouidentiae.

176 1669 353 1737 Difficultas
391 1684 494 1754 autem
519 1671 670 1758 quaedam
695 1691 732 1736 ex
767 1671 943 1757 praemissis
966 1671 1038 1736 sub-

108 1760 224 1826 oritur.
250 1761 281 1824 Si
320 1761 402 1824 enirn
440 1762 542 1826 omnia
567 1781 647 1846 quae
671 1761 720 1826 hic
746 1760 872 1824 inlerius
895 1775 1038 1844 aguntur,

108 1850 209 1914 etiam
234 1849 455 1932 contingentia,
478 1850 690 1937 providentiae
713 1849 837 1914 diuinae
853 1848 1038 1928 subduntur,

107 1951 248 2022 oportet,
272 1951 304 2004 ut
329 1939 460 2017 videtur,
485 1939 532 2004 vel
557 1939 781 2025 prouidentiam
807 1958 949 2003 nonesse
972 1959 1038 2004 cer-

108 2041 174 2090 tain
202 2027 379 2092 volumnia
404 2047 442 2092 ex
467 2030 647 2092 necessitate
670 2029 858 2110 contingere.

181 2114 328 2182 Ostendit
351 2117 434 2181 enirn
459 2117 664 2202 Philosophus
692 2117 886 2201 (Metaphys.,
911 2115 942 2192 6,
966 2127 1037 2181 text.

110 2222 232 2269 eornm.
257 2205 293 2288 7)
317 2205 411 2290 quod,
427 2207 450 2270 si
470 2226 595 2270 omnem
610 2206 752 2270 ellectum
767 2205 910 2290 ponimus
924 2203 1039 2268 habere

110 2293 252 2378 aliquam
276 2313 402 2358 causatu
429 2315 484 2380 per
512 2315 555 2372 se,
579 2295 744 2358 etiterum
779 2293 872 2378 quod,
903 2291 1039 2376 qualibet

110 2401 209 2446 causa
234 2401 289 2468 per
311 2403 344 2446 se
367 2385 476 2469 posita,
504 2383 710 2448 necessarium
736 2384 773 2448 sit
797 2381 941 2446 ellectum
965 2384 1038 2467 poni

107 2483 297 2555 sequeretur
320 2471 403 2556 quod
428 2473 530 2536 omnia
553 2471 656 2536 lutura
681 2491 717 2535 cx
756 2471 939 2534 necessitate
967 2491 1038 2534 eue—
1145 2493 1149 2496 ·

58 2636 64 2644 Ι
109 2559 211 2624 niant.
235 2558 265 2623 Si
290 2560 373 2625 enim
396 2561 524 2642 quilibet
547 2559 673 2624 ellectus
699 2559 811 2624 habeat
834 2579 958 2623 causam
983 2579 1038 2644 per

111 2667 157 2725 se,
200 2647 360 2734 quodlibet
398 2647 535 2714 luturum
575 2649 632 2712 erit
667 2648 824 2713 reducere
844 2647 875 2712 in
903 2646 1038 2733 aliquam

113 2755 242 2801 causam
269 2751 462 2822 praesentem
487 2737 534 2801 vel
559 2738 766 2822 praeteritam;
779 2749 821 2811 ut,
835 2735 860 2800 si
873 2749 1039 2820 quaeratur

112 2823 152 2888 de
178 2825 284 2912 aliquo
309 2839 413 2890 utrum
424 2827 461 2890 sit
486 2825 672 2891 occidendus
697 2847 713 2890 a
737 2825 917 2900 latronibus,
934 2823 1040 2908 hujus·

113 2914 201 2978 modi
240 2913 382 2978 ellectum
423 2913 576 3000 praecedit
614 2935 705 2980 causa
734 2913 848 2978 scilicet
890 2933 1037 2978 occursus

111 2998 284 3079 latronum3
304 3003 386 3067 hunc
402 3017 504 3068 autern
530 3003 671 3068 ellectum
698 3002 854 3089 praecedit
876 3001 933 3064 alia
948 3021 1040 3067 eausa

114 3091 235 3155 scilicet
263 3091 346 3175 quod
371 3093 435 3178 ipse
459 3093 549 3155 exivit
572 3093 676 3165 domm
700 3093 784 3156 ltnnc
807 3103 908 3154 autern
937 3089 1039 3154 adhue

112 3177 183 3256 alia,
205 3180 288 3265 quod
313 3181 385 3258 uult,
408 3201 558 3266 quaerere
574 3201 697 3268 aquam3
711 3179 933 3265 quumquidem
948 3199 1037 3264 prae·

118 3267 200 3332 cedit
237 3287 338 3343 causa,
377 3271 491 3334 scilicet
528 3271 603 3346 sitis;
642 3283 671 3334 ct
709 3270 786 3333 haec
824 3280 966 3332 causatur
1000 3289 1037 3332 en

120 3357 310 3422 comestione
332 3357 495 3438 salsorum,
507 3358 660 3443 quaejam
684 3371 729 3422 est
753 3356 800 3423 vel
824 3355 933 3422 luit.Si
950 3375 1036 3443 ergo,

167 3478 205 3543 (ι)
224 3479 250 3531 s
270 3479 346 3549 nug..
366 3480 404 3532 no
425 3479 500 3534 cruri.
521 3465 583 3546 ner,
603 3481 619 3532 ι.
638 3497 663 3534 v.
686 3497 709 3532 ι.
729 3477 753 3532 ι.

165 3549 202 3617 (2)
221 3549 247 3603 S.
267 3549 353 3621 Greg„
373 3551 447 3606 Hom.
466 3550 496 3608 X
510 3555 538 3606 in
556 3552 655 3623 Eouup.
675 3551 770 3624 Epipb.
