2494 3970
203 200 245 274 6'0
531 227 588 272 tro.
612 228 651 272 ιιι.
677 224 740 269 cnr.
763 225 833 270 ιιιιι.

201 315 361 383 processus
384 295 590 381 generationis
614 294 758 372 ostendit;
781 297 881 381 primo
905 295 987 362 enim
1011 297 1042 362 in
1062 315 1122 382 ge·

200 385 361 450 neratione
383 396 429 450 est
455 382 556 450 loetus
580 385 684 450 vivens
698 384 756 447 vita
770 383 902 470 plantae,
919 386 1119 471 postmodum

201 494 275 539 vero
298 473 358 538 vita
381 472 533 552 animalis,
556 473 683 539 demum
707 492 781 538 vero
805 473 865 538 rita
888 473 1033 540 hominis.
1046 475 1123 540 Post

204 563 284 630 banc
307 573 413 628 autem
437 561 569 628 sormam
594 583 655 628 non
672 561 825 628 invenitur
848 561 1121 648 ingenerabilibus

205 668 234 716 et
256 651 507 738 corruptibilibus
531 651 683 738 posterior
706 649 805 716 lorma
830 649 962 736 dignior.
990 651 1122 718 Ultimus

205 741 297 825 igitur
320 740 526 825 generationis
549 741 640 806 totius
670 739 784 825 gradus
807 752 852 804 est
874 743 977 806 anima
1014 741 1123 808 buma-

206 851 258 908 na,
280 842 311 894 et
332 831 364 894 in
387 829 468 894 hanc
503 828 599 894 tendit
633 829 761 894 materia
799 827 876 895 sicut
914 831 944 894 in
984 829 1124 896 ultimam

207 917 350 984 lormam.
374 916 452 983 Sunt
474 938 549 1002 ergo
565 918 717 984 elementa
731 929 856 1004 propter
870 938 1000 1002 corpora
1019 920 1124 998 mixta,

208 1007 285 1072 baec
309 1027 381 1072 vero
404 1020 529 1094 propter
552 1007 694 1084 viventia,
717 1007 747 1070 in
772 1005 883 1092 quibus
907 1008 1029 1093 plantae
1051 1023 1125 1074 sunt

209 1109 333 1182 propter
358 1095 512 1172 animalia,
538 1096 682 1160 animalia
706 1094 1013 1180 propterbominem;
1029 1098 1125 1164 homo

208 1185 291 1249 enim
315 1199 360 1249 est
384 1184 453 1249 linis
476 1185 568 1250 totius
591 1183 797 1269 generationis
822 1183 880 1272 (l).

277 1273 354 1356 Quia
379 1293 452 1338 uero
475 1273 584 1338 eadem
609 1293 658 1338 res
681 1285 846 1356 generatur
869 1287 900 1338 et
927 1287 1125 1342 conservatur

210 1363 241 1426 in
265 1383 332 1428 esse
355 1361 525 1428 secundum
549 1361 690 1426 ordinem
715 1361 917 1448 praemissum
942 1363 972 1428 in
996 1384 1126 1448 genera-

210 1451 344 1516 tionibus
367 1471 483 1530 rerum,
506 1465 553 1516 est
575 1451 667 1515 etiam
691 1449 768 1514 ordo
793 1451 823 1514 in
840 1446 1126 1518 conservationibus

211 1540 402 1606 earumdem.
445 1539 532 1604 Unde
571 1539 710 1605 ridemus
748 1538 832 1624 quod
869 1561 999 1628 corpora
1033 1541 1127 1606 mixta

210 1643 419 1696 sustentantur
443 1649 498 1715 per
520 1627 744 1694 elementorum
767 1647 919 1712 congruas
956 1630 1128 1716 qualitates,

211 1718 333 1804 plantae
356 1739 430 1782 vero
454 1738 491 1782 ex
513 1717 615 1782 mixtis
637 1717 818 1802 corporibus
854 1719 1040 1798 nutriuntur,
1062 1719 1127 1783 ani·

211 1806 303 1872 malia
328 1825 365 1870 cx
388 1806 498 1892 plantis
522 1807 745 1871 nutrimentum
769 1807 894 1882 habeut,
918 1823 948 1874 et
973 1807 1127 1893 quaedam

212 1896 304 1960 ctiam
328 1893 510 1980 perfectiora
534 1907 564 1960 et
587 1893 768 1961 virtuosiora
792 1917 830 1962 ex
864 1896 1048 1984 quibusdam
1071 1897 1129 1962 im·

212 1983 446 2070 perfectioribus
470 1998 500 2049 et
523 1980 754 2048 infirmioribus.
789 1985 889 2050 Homo
927 2007 1000 2052 vero
1034 1986 1130 2052 utitur

212 2074 352 2138 omnium
377 2092 481 2137 rerum
505 2072 671 2158 generibus
693 2073 732 2136 ad
766 2075 813 2138 sui
852 2073 1023 2140 utilitatem:
1061 2075 1130 2160 qui·

212 2161 342 2227 busdam
370 2161 495 2246 quidem
520 2161 559 2226 ad
583 2180 681 2240 esum,
704 2160 888 2246 quibusdam
914 2185 986 2230 vero
1013 2163 1053 2230 ad
1080 2183 1132 2227 ve·

211 2251 328 2328 stitum;
352 2250 487 2315 undeet
510 2272 527 2314 a
551 2262 659 2315 natura
684 2251 786 2316 nudus
810 2265 857 2316 est
894 2253 1059 2332 institutus,
1083 2265 1131 2316 ut·
1237 2303 1238 2334 p

212 2353 290 2425 pote·
308 2352 416 2426 potens
440 2359 476 2404 ειι
500 2339 567 2404 aliis
590 2340 648 2404 sibi
672 2339 815 2404 vestitum
850 2356 1016 2428 praestare,
1053 2341 1134 2407 sicut

212 2429 305 2492 etiam
331 2426 450 2492 nullum
475 2429 531 2492 sibi
554 2448 727 2511 congruum
762 2430 984 2496 nutrimentum
1024 2443 1134 2496 natura

213 2518 406 2603 praepararit
429 2517 485 2582 nisi
509 2517 566 2591 lac,
590 2530 623 2581 ut
645 2535 682 2582 ex
705 2516 831 2582 diversis
847 2519 939 2585 rebus
955 2521 1011 2586 sibi
1027 2519 1133 2586 cibum

213 2605 420 2691 conquireret;
442 2604 626 2690 quibusdam
661 2625 735 2670 vero
758 2605 797 2670 ad
833 2608 1021 2686 velrioulum3
1059 2628 1134 2672 nam

213 2695 245 2759 in
267 2707 370 2760 motus
393 2693 548 2760 celeritate
575 2707 606 2758 et
636 2695 669 2758 in
691 2692 921 2761 lortitudinead
937 2696 1134 2764 sustinendos

213 2783 346 2856 labores,
369 2782 473 2847 moltis
496 2782 679 2848 animalibus
702 2781 853 2851 infirmior
870 2785 1135 2872 inuenitur,quasi

214 2872 280 2948 aliis
304 2871 489 2936 animalibus
512 2871 550 2935 ad
581 2871 729 2936 auxilium
767 2872 825 2937 sibi
843 2877 1061 2961 praeparatis.
1097 2873 1134 2938 Et

213 2980 306 3048 super
329 2961 389 3026 boo
411 2958 556 3046 omnibus
578 2960 774 3034 sensibilibus
801 2963 895 3028 utitur
932 2965 971 3028 ad
1008 2963 1133 3030 intelle-

214 3049 322 3114 etualis
345 3049 528 3134 cognitionis
552 3048 781 3136 perlectionem.
807 3051 894 3116 Unde
917 3066 947 3116 et
971 3053 1010 3118 de
1032 3051 1136 3118 bomi-

266 3153 304 3222 (Ι)
322 3153 369 3206 llic
387 3153 413 3208 S.
433 3153 548 3208 Thomas
566 3155 733 3224 paucioribus
750 3153 838 3210 verbis
856 3157 1001 3211 luculenter
1027 3160 1137 3228 exponit

212 3233 294 3280 totam
314 3225 347 3278 de
364 3227 463 3278 entium
480 3227 546 3278 serie
564 3233 591 3278 et
608 3229 789 3298 progressione
807 3229 962 3296 doctrinam,
978 3238 1066 3299 quamx
1093 3244 1136 3282 re·

212 3297 340 3351 centiores
358 3303 415 3348 tum
435 3297 607 3350 naturalistae
625 3305 681 3350 tum
712 3298 884 3368 metaphysici
915 3307 944 3352 ut
975 3302 1134 3370 peculiarem

212 3369 261 3424 sibi
273 3368 450 3420 inventionem
459 3371 589 3432 recinunt,
601 3369 668 3421 etde
681 3383 733 3438 qua
745 3370 822 3422 falsos
834 3369 976 3424 solutiones
985 3373 1133 3424 attulerunt

211 3455 280 3510 quae
296 3439 453 3492 creationem
470 3440 615 3495 excludunt
631 3445 658 3491 et
680 3441 707 3492 in
736 3440 930 3512 pantheismum
958 3443 1134 3497 diversimode

211 3512 343 3566 desinunt.
