2514 3972
208 213 274 278 302
519 229 575 275 trs.
600 230 640 274 ιιι.
663 228 727 273 mv.
751 227 840 272 sevu.

208 297 369 384 agentibus
391 299 628 386 et'patientibus
640 313 670 362 et
685 297 855 361 actionibus
870 308 901 360 et
914 293 1126 364 accidentibus

208 409 286 454 esse.
308 387 393 453 Sicut
419 407 494 473 ergo
528 390 626 472 prima
649 391 728 452 ratio
762 385 884 450 divinae
915 385 1127 470 providentiae

207 476 386 561 simpliciter
408 491 454 542 est
481 477 583 541 divina
617 476 747 551 bonitas,
781 477 822 538 ita
859 474 958 560 prima
993 475 1071 538 ratio
1094 474 1126 538 in

207 567 354 632 creaturis
376 578 423 630 est
445 586 552 630 earum
576 563 792 640 numerositas,
818 563 857 627 ad
891 561 979 644 cujus
1001 582 1127 628 conser-

209 656 363 720 vationem
387 667 417 720 et
439 655 688 719 constitutionem
713 654 817 716 omnia
841 651 900 715 alis
924 651 1061 715 ordinari
1086 651 1129 715 vi·

208 743 330 808 dentur.
352 743 389 807 Et
410 743 582 808 secuudum
606 743 665 805 boe
680 740 798 804 videtur
821 759 889 804 esse
905 739 1129 806 rationabiliter

208 833 355 896 aboetio
377 831 504 909 dictum,
534 831 565 893 in
602 831 751 916 principio
785 849 860 893 sune
898 829 1128 908 Aritbmetieae,

208 923 293 1007 quod
314 923 417 984 omnio
430 939 635 1004 quoecumque
657 941 677 983 a
697 920 862 1002 primaeua
883 937 991 982 rerum
1012 928 1131 984 aratura

209 1020 384 1074 constructo
406 1020 488 1088 suot,
514 1027 710 1073 aurocrorum
742 1007 886 1072 uidentur
917 1008 1040 1072 ratione
1062 1029 1129 1073 esse

208 1099 346 1182 formata
366 1097 431 1182 (l).

276 1186 327 1252 list
349 1201 452 1251 autent
474 1183 731 1250 considerandum
762 1182 845 1270 quod
869 1185 1025 1271 operativa
1049 1185 1128 1250 ratio

209 1289 240 1340 et
262 1274 448 1362 speculativa
471 1275 581 1361 partim
604 1273 730 1359 quidem
753 1275 939 1337 conveniunt
960 1287 991 1338 et
1014 1274 1127 1362 partim

210 1364 364 1430 differunt.
388 1363 580 1430 Conveniunt
613 1362 736 1448 quidem
761 1361 791 1424 in
826 1363 885 1428 boc
919 1362 1014 1446 quod,
1049 1363 1130 1428 sicut

210 1455 287 1518 ratio
311 1453 495 1540 speculativa
529 1453 634 1538 incipit
656 1451 695 1515 ab
718 1450 821 1535 aliquo
845 1451 994 1538 principio
1017 1465 1049 1516 et
1072 1472 1129 1538 per

212 1542 312 1608 media
335 1541 458 1608 devenit
480 1540 518 1605 sd
548 1539 778 1606 conclusionem
801 1539 963 1618 intentam,
984 1543 1024 1604 ita
1048 1541 1127 1604 ratio

211 1631 365 1717 operativa
389 1629 493 1717 incipit
516 1629 554 1693 ab
577 1629 679 1714 aliquo
703 1629 852 1714 principio
883 1641 914 1694 et
947 1649 1001 1715 per
1023 1629 1129 1713 aliqua

212 1719 315 1786 media
338 1719 461 1784 devenit
483 1717 522 1782 ad
545 1718 755 1803 operationem
780 1717 827 1782 vel
856 1733 1018 1804 operatum
1042 1717 1130 1804 quod

212 1808 389 1873 intenditur.
423 1807 610 1891 Principium
648 1821 751 1870 autem
788 1806 819 1870 in
854 1807 1047 1892 speculativis
1082 1818 1131 1872 est

211 1896 311 1960 lorma
334 1909 364 1960 et
386 1895 468 1981 quod
488 1895 563 1979 qttt'd
585 1906 640 1972 est;
674 1896 705 1958 in
730 1897 894 1980 operativis
929 1916 1013 1972 vero,
1048 1895 1132 1973 linis,

214 1984 296 2070 quod
320 1983 646 2070 lb)quandot1ucest
669 1982 779 2058 forman
803 1983 989 2070 quandoque
1012 1984 1132 2071 aliquid

213 2073 308 2138 aliud.
331 2073 518 2160 Principium
541 2073 633 2136 etiam
662 2073 693 2136 in
721 2074 916 2158 speculativis
951 2094 1075 2160 semper
1096 2095 1133 2138 o·

214 2175 314 2249 portet
336 2183 403 2228 esse
426 2161 643 2240 uecessavinun
667 2163 698 2226 in
725 2164 887 2246 operativis
903 2177 1018 2236 eutem,
1033 2183 1135 2247 quan·

213 2251 316 2339 doque
338 2251 464 2340 quidem
486 2265 532 2316 est
554 2250 770 2327 necessarium,
801 2252 987 2337 quandoque
1025 2265 1133 2316 autem

214 2361 288 2419 nom
310 2341 515 2406 necessarium
539 2340 623 2404 enim
646 2351 692 2404 est
715 2339 872 2404 bominem
898 2342 975 2405 velle
1003 2339 1135 2404 felicite-

216 2444 278 2494 tem
302 2443 334 2493 ut
357 2431 461 2507 tinem,
484 2449 546 2492 uon
571 2427 777 2492 necessarium
801 2445 903 2494 antem
917 2429 995 2494 velle
1018 2429 1135 2494 domus

215 2517 469 2583 aedificationem.
492 2516 648 2594 Similiter,
671 2517 702 2580 in
726 2515 984 2594 demonstrativis,
1007 2538 1135 2603 semper

215 2607 383 2694 posteriora
406 2606 446 2672 ad
469 2605 571 2693 priora
594 2605 633 2669 de
657 2606 835 2670 necessitate
864 2622 1045 2693 sequuntur;
1068 2627 1136 2672 non

215 2710 318 2761 autem
342 2695 373 2761 in
396 2695 561 2782 operativis
584 2693 717 2779 sempei,
733 2694 787 2758 sed
804 2709 877 2760 tunc
893 2697 993 2762 solum
1007 2695 1135 2782 quando

216 2784 255 2850 ad
278 2785 371 2850 linem
395 2783 515 2850 nonnisi
539 2802 594 2868 per
625 2783 704 2848 beno
739 2783 820 2848 viam
845 2786 999 2869 perveniri
1023 2797 1136 2870 potest;

215 2873 293 2938 sicut
328 2873 535 2940 necessarium
570 2885 615 2936 est
653 2873 764 2936 volenti
802 2875 965 2939 aedificare
1004 2873 1137 2938 domum

215 2962 299 3050 quod
322 2974 448 3051 quaerat
464 2961 557 3046 ligna3
568 2960 623 3026 sed
637 2961 720 3046 quud
737 2978 864 3045 quaerat
875 2963 1015 3048 abjetina
1038 2961 1135 3046 ligna,

217 3052 276 3117 boc
298 3072 335 3117 ex
347 3050 476 3138 simplici
493 3049 648 3114 voluntate
662 3051 757 3135 ipsius
773 3050 938 3136 dependet,
950 3073 1013 3117 non
1031 3065 1136 3116 autem

217 3161 254 3207 ert
277 3141 395 3206 ratione
419 3139 529 3205 domus
552 3137 769 3204 aedificandae.
792 3175 837 3188 -
859 3141 909 3206 Sic
939 3141 1031 3226 igitur
1050 3139 1136 3225 quod

217 3229 302 3295 Deus
324 3249 412 3295 suem
448 3228 616 3294 bonitatem
645 3241 738 3304 amet,
764 3229 822 3293 boc
846 3232 1053 3295 necessarium
1076 3243 1134 3306 est;

217 3318 272 3384 sed
295 3339 333 3384 cx
357 3319 415 3384 boc
438 3337 501 3382 non
525 3317 698 3383 necessario
721 3318 953 3407 sequiturquod
976 3338 1031 3408 per
1053 3337 1139 3385 crea·

270 3443 312 3512 ll)
327 3440 410 3506 Boet.‚
430 3437 580 3508 dritbmct,
599 3441 617 3494 1.
636 3437 662 3508 l,
679 3454 702 3494 c.
721 3437 746 3492 2.

267 3515 308 3582 (ι)
329 3511 413 3579 Quod,
433 3511 449 3563 i.
468 3525 493 3564 e.
510 3512 564 3582 qui.
