2494 3970
453 291 508 336 ιιι.
532 291 574 335 ιιι.
598 288 660 334 ear.
685 288 734 334 ur.
986 269 1030 335 95

115 357 270 446 principiis
293 356 421 444 alieuius
443 359 631 426 substantiae
653 367 805 432 causetur,
841 369 872 423 ει
905 358 948 424 sie
987 359 1030 424 illi

114 447 301 514 substantiae
324 448 383 513 erit
405 449 564 527 naturalis,
586 448 657 514 lieet
679 446 758 512 iente
780 447 867 512 alteri
889 448 1032 513 substan-

113 538 172 602 tiae
195 557 258 602 non
282 537 321 603 sit
343 538 500 618 naturalis,
523 538 600 604 sieut
633 534 771 603 caliditas
801 549 848 602 est
884 537 1030 604 naturalis

110 625 188 710 igni,
210 626 281 692 lieet
303 638 341 691 srt
374 626 554 694 innaturalis
578 645 687 714 aquae.
710 623 801 708 Quod
840 638 942 690 autem
982 648 1031 691 se-

110 714 250 780 cundum
278 735 312 780 se
334 713 451 782 mulum
480 737 542 782 non
558 727 658 802 potest
679 734 747 780 esse
769 714 860 780 alicui
883 715 1031 794 naturale;

109 803 150 870 de
185 805 303 870 ratione
338 805 421 870 enirn
457 805 529 871 mali
553 821 599 870 est
622 805 751 893 privatin
774 803 840 889 ejus
877 803 961 890 quod
985 819 1032 871 est

109 893 203 960 alicui
239 905 346 958 natum
381 893 483 959 inesse
506 907 537 960 et
560 893 700 960 debiturn
724 892 763 958 ei:
787 892 904 959 malum
928 893 1030 978 igitur,

106 1001 181 1048 euru
212 981 251 1048 sit
284 980 351 1068 eJus
385 983 469 1069 quad
493 996 539 1049 est
562 983 703 1048 naturale
726 981 864 1070 privatin,
891 1002 953 1047 nnn
977 1005 1030 1070 po-

105 1085 167 1137 test
204 1091 272 1137 esse
309 1071 398 1138 alicui
422 1073 572 1150 naturala;
602 1072 685 1138 unde
722 1071 872 1158 quidquid
905 1085 1031 1137 natura-

107 1160 178 1228 liter
201 1162 283 1226 inest
304 1160 393 1228 alicui
406 1175 452 1226 est
465 1162 495 1226 εἰ
518 1161 647 1240 bonurn,
671 1173 701 1226 et
723 1160 838 1226 malum
853 1160 878 1225 si
902 1161 1029 1227 eidasit.

107 1249 199 1316 Nulla
223 1251 316 1334 igitur
338 1251 469 1316 essentia
493 1263 539 1316 est
561 1249 732 1316 seeundum
748 1270 782 1315 se
805 1249 897 1316 nrala.

173 1338 325 1426 Amplius,
348 1338 507 1426 Quidquid
547 1340 640 1406 habet
678 1339 843 1404 essentiam
881 1340 1026 1426 aliquam,
1109 1331 1112 1340 '

106 1442 159 1494 aut
185 1429 318 1515 ipsamet
340 1441 386 1493 est
409 1428 508 1494 inrma
532 1442 584 1493 aut
608 1427 702 1494 habet
729 1426 861 1494 formam
892 1428 1028 1516 aliquam

107 1518 168 1604 (l),
194 1537 250 1604 per
272 1516 403 1583 formam
428 1518 512 1582 eninr
536 1517 704 1584 collocatur
727 1517 973 1603 unumquodque
996 1521 1027 1582 in

99 1627 227 1689 ¹genere
251 1606 297 1672 vel
319 1607 430 1692 speeie.
456 1607 567 1672 Forma
591 1622 705 1684 autem,
730 1605 933 1692 inquantum
971 1607 1027 1671 hu-

103 1695 257 1780 jusmodi,
293 1695 385 1761 habet
407 1696 559 1761 rationem
584 1695 737 1772 bonitatis,
760 1715 831 1760 eum
868 1695 907 1759 sit
943 1697 1027 1782 prin·

107 1784 225 1873 cipium
249 1785 378 1851 aetionis
401 1797 432 1850 et
454 1785 524 1850 finis
547 1805 640 1871 quem
653 1783 784 1850 intendit
806 1803 899 1849 omne
912 1783 1026 1851 iaciens

106 1888 137 1938 et
160 1887 247 1940 actus
270 1894 332 1962 quo
357 1873 603 1962 unumquodque
626 1875 746 1940 habens
769 1871 900 1943 formam
926 1875 1025 1962 perfe-

105 1978 192 2028 etum
207 1977 263 2029 est.
280 1963 436 2050 Quidquid
460 1964 552 2048 igitur
575 1964 666 2029 habet
689 1961 853 2028 essentiam
877 1961 1026 2049 aliquam,

86 2093 90 2102 ·
106 2053 136 2116 in
161 2067 313 2139 quantum
331 2053 519 2138 hujusmodi,
531 2067 577 2118 est
589 2054 716 2123 bouum.
731 2051 844 2116 Malum
857 2052 949 2137 igitur
961 2073 1023 2118 non

105 2140 202 2206 habet
225 2143 389 2207 essentiam
412 2143 555 2228 aliquam.

174 2229 261 2310 Item,
285 2231 345 2297 Ens
368 2251 423 2318 per
446 2244 548 2297 actum
571 2244 601 2296 et
624 2230 792 2318 potentiam
804 2227 949 2296 dividitur
964 2232 1024 2317 (ι).

105 2315 200 2385 dutus
223 2333 339 2398 autem,
363 2321 393 2384 in
432 2332 580 2406 quantum
605 2319 934 2406 transmaritimum
969 2334 1025 2398 est,

106 2410 192 2494 quia,
214 2409 386 2476 secundum
409 2407 493 2495 quod
516 2408 629 2495 aliquid
669 2423 714 2473 est
736 2421 817 2487 actu,
854 2407 1024 2474 seeundum

106 2498 169 2564 hoe
191 2497 306 2585 aliquid
330 2511 376 2562 est
398 2497 580 2584 perlectum
616 2497 751 2584 potentia
778 2498 871 2562 etiam
906 2498 1024 2564 bonum

107 2587 224 2674 aliquid
249 2601 304 2662 est;
327 2588 425 2654 tendit
448 2588 530 2652 enirn
555 2587 691 2674 putentia
716 2586 755 2651 ud
778 2601 892 2667 autum,
923 2599 956 2652 ut
995 2589 1025 2652 in

105 2676 247 2762 quolibet
269 2690 355 2742 motu
378 2690 516 2763 apparet,
539 2691 569 2742 ει
591 2677 684 2741 etiarn
708 2687 755 2741 est
779 2677 858 2741 actui
897 2697 1026 2763 propor-

106 2765 233 2844 tionata,
256 2786 319 2830 non
342 2766 370 2830 ei
394 2766 557 2845 contraria,
579 2779 610 2830 ει
632 2778 678 2830 est
709 2766 739 2829 in
778 2765 889 2830 eodem
912 2785 1026 2848 genere

105 2875 178 2922 eum
217 2867 297 2932 actu,
333 2867 362 2918 ει
401 2855 529 2941 privatio
564 2873 627 2919 aron
660 2855 806 2941 competit
838 2856 866 2918 ei
890 2855 946 2918 nisi
972 2876 1027 2941 per

105 2942 258 3008 accidens.
282 2941 383 3009 Omne
407 2943 499 3028 igitur
521 2942 605 3030 quod
628 2955 684 3022 est,
707 2962 905 3034 quocumque
930 2944 1024 3011 modo

104 3033 154 3110 sit,
177 3031 207 3097 in
231 3047 381 3119 quantum
405 3044 452 3096 est
474 3051 529 3098 ens
553 3032 670 3097 bonum
701 3045 760 3097 est.
785 3032 898 3098 illalum
936 3033 1028 3117 igitur

105 3142 170 3186 non
195 3121 289 3188 habet
310 3122 444 3208 aliquam
468 3122 644 3186 essentiam.

157 3227 197 3296 (ll
216 3227 270 3280 Aut
295 3229 408 3296 ipsamet
438 3231 477 3280 ert
494 3226 581 3296 suma
599 3232 647 3278 aut
664 3227 741 3279 hulst
766 3227 879 3295 formum
897 3227 1022 3297 aliquam.

104 3327 140 3338 -
157 3299 326 3352 Substantias
343 3304 479 3368 separatae
498 3298 539 3350 vel
557 3298 665 3368 spiritus
684 3299 821 3351 essentiam
840 3298 938 3352 habent
956 3315 1026 3368 quae

105 3375 145 3423 est
162 3373 273 3439 ipsamet
290 3371 386 3440 summ
404 3369 612 3423 substantiarum
638 3375 725 3421 autem
738 3371 900 3423 sensibilium
914 3372 954 3424 vul
967 3388 1024 3424 eor·

105 3457 201 3511 porum
218 3444 330 3495 essentia
348 3443 424 3495 dabat
442 3442 555 3510 formam
573 3447 599 3492 et
619 3441 764 3492 materiam.

160 3511 200 3580 (ἢ)
216 3511 279 3566 lude
297 3514 361 3566 trita
379 3511 442 3565 haee
461 3512 585 3566 definitio:
611 3511 694 3564 alius
717 3512 743 3563 in
763 3528 858 3581 genere
881 3519 921 3566 est
951 3513 1025 3584 quid·

107 3583 172 3652 quid
190 3585 277 3639 existit
297 3585 393 3658 (aetus)
410 3585 451 3638 vet
469 3585 579 3638 existere
597 3589 683 3652 potest
700 3583 840 3654 (patentia)
859 3604 885 3636 n.
