2514 3972
443 230 498 274 tra.
522 231 563 276 ru.
584 229 651 276 etr.
676 229 720 274 cr.
989 209 1068 276 527*

77 329 84 337 ¹
130 299 224 385 quam
249 311 375 384 possunt
413 319 541 385 corpora
576 298 719 364 caelestia
757 297 948 383 imprimere,
983 319 1058 366 eum

128 385 309 472 hujusmodi
332 389 469 472 operatio
491 389 529 453 sit
553 409 607 475 per
630 407 783 472 organum
807 388 981 471 corporale,
996 387 1058 454 boc

129 497 193 542 non
219 489 418 562 potestesse,
453 490 603 562 quantum
638 477 677 542 ad
708 495 817 542 omnes
853 475 979 542 effeetus
1003 478 1057 564 qui

130 585 187 651 per
211 564 389 650 hujusmodi
413 581 493 632 artes
519 565 605 630 fiunt.
630 565 797 630 Ostensom
814 577 860 630 est
875 565 1058 652 euimquod

131 674 196 720 nou
219 667 347 740 possunt
370 675 479 719 omnes
518 654 643 720 ellectus
668 656 778 719 virtute
801 653 960 742 stellarum
984 675 1057 742 pro-

131 742 214 819 duci3
237 763 312 826 crgo
334 763 436 829 neque
459 764 497 808 ert
519 745 630 810 virtute
651 743 809 808 stellarum
826 743 938 829 aliquis
954 744 1057 812 sortiri

131 845 232 917 potest
255 832 336 896 banc
359 835 502 898 uirtutem
527 846 560 897 ut
594 833 721 898 cosdem
745 832 871 903 ellectus
895 831 1057 919 producat.

132 920 327 1005 Relinquitur
360 923 452 1006 igitur
475 922 559 1006 quod
593 921 772 1006 hujusmodi
806 921 932 986 effectus
970 943 1056 988 oom-

131 1009 282 1095 plcantur'
300 1031 354 1095 per
377 1011 511 1096 aliquem
547 1012 737 1076 intellectum
761 1009 917 1096 adquam
952 1031 1057 1078 sermo

130 1097 316 1186 proferentis
346 1119 401 1185 per
434 1099 613 1184 hujusmodi
646 1120 737 1166 voces
772 1099 923 1182 dirigitur.
958 1099 1056 1186 Hujus

131 1201 237 1252 autem
260 1189 383 1272 signum
419 1201 475 1266 est;
513 1210 585 1253 nam
621 1188 799 1274 hujusmodi
835 1187 1057 1273 significativae

130 1297 223 1342 voces
245 1279 357 1361 quibus
380 1279 462 1362 magi
496 1292 624 1343 utuntur
648 1277 856 1343 invocationes
879 1290 961 1356 sunt,
984 1300 1057 1367 sup-

132 1365 322 1452 plicationes,
359 1366 578 1449 adjurationes,
601 1381 653 1432 aut
676 1369 769 1432 etiam
803 1367 932 1454 imperia
966 1370 1055 1456 quasi

131 1453 172 1519 ad
195 1453 326 1519 alterum
349 1455 561 1541 colloquentis.

200 1543 287 1621 item,
324 1545 355 1608 ln
395 1544 659 1610 observationibus
693 1543 785 1628 hujus
820 1543 892 1608 artis
927 1557 1055 1612 utuntur

131 1631 317 1715 quibusdam
356 1633 584 1698 characteribus
626 1647 656 1699 et
691 1634 797 1717 figuris
831 1631 1053 1700 determinatis.

131 1720 244 1805 Figura
268 1735 370 1786 autem
395 1722 508 1786 nullius
532 1723 659 1787 actionis
683 1722 867 1808 principium
892 1735 938 1786 est
954 1741 1055 1808 neque

131 1810 293 1896 passionis3
317 1811 391 1876 alias
426 1813 642 1876 mathematica
665 1831 794 1897 corpora
829 1823 934 1878 essent
957 1811 1054 1878 uotiua

131 1911 163 1962 et
185 1901 315 1984 passiva.
339 1899 406 1964 Non
430 1921 504 1986 ergo
529 1914 626 1985 potest
651 1921 705 1986 per
730 1899 844 1984 figuras
868 1899 1055 1966 determina·

131 2001 177 2052 tas
202 1987 323 2074 disponi
347 1990 475 2054 materia
500 1991 538 2054 ad
562 1991 696 2075 aliquem
722 1989 893 2054 naturalem
910 1989 1053 2057 effectum

129 2077 372 2162 suscipiendum
396 2099 458 2143 non
482 2097 557 2162 ergo
592 2093 719 2143 utuntur
743 2079 824 2162 magi
860 2077 966 2161 liguris
1002 2079 1058 2146 ali-

130 2165 244 2250 quibus
268 2168 354 2253 quasi
378 2166 639 2254 dispositionibus.
664 2167 857 2253 Relinquitur
880 2186 955 2250 ergo
971 2168 1056 2253 quod

130 2267 261 2338 utuntur
284 2257 329 2320 eis
352 2255 452 2320 solum
476 2258 563 2340 quasi
579 2255 685 2339 signis
703 2277 764 2320 non
782 2255 866 2320 enim
883 2269 929 2320 est
940 2255 1056 2342 aliquid

132 2342 373 2408 determinatum
396 2345 470 2408 dare
493 2346 554 2430 (Ι).
586 2343 688 2428 Signis
712 2357 815 2410 autem
841 2365 903 2410 non
940 2345 1057 2410 utimur

131 2432 189 2496 nisi
213 2432 252 2496 ad
282 2433 359 2498 alios
394 2433 609 2518 intelligentes.
643 2432 764 2496 liabent
802 2453 878 2517 ergo
914 2435 1056 2518 magicae

130 2533 212 2584 artes
235 2520 402 2586 efficaciam
426 2525 464 2589 ab
488 2524 540 2588 illo
565 2522 756 2606 intelligente
778 2521 816 2586 ad
840 2543 935 2608 qoem
951 2543 1056 2590 sermo

130 2609 215 2694 magi
239 2611 391 2696 dirigitur.
567 2674 571 2684 ,

198 2698 230 2762 Si
254 2703 322 2786 quis
347 2714 450 2764 autem
475 2699 555 2764 dieat
571 2698 655 2786 quod
672 2698 791 2782 figurae
806 2697 927 2784 aliquae
944 2721 1057 2788 appro-

130 2786 272 2873 priantur
295 2789 448 2874 aliquibus
472 2790 651 2854 caelestium
675 2807 842 2874 corporum
867 2802 898 2851 et
924 2789 964 2853 ita
988 2809 1057 2856 eor-

129 2896 206 2961 pora
230 2877 376 2942 inferiora
403 2877 648 2942 determinantur
665 2897 720 2962 per
736 2876 853 2961 aliquas
878 2875 995 2958 figuras
1019 2877 1058 2944 ad

129 2965 304 3050 aliquorum
329 2966 508 3031 caelestium
543 2987 708 3051 corporum
750 2964 968 3050 impressiones
1004 2987 1055 3032 su·

77 3054 313 3138 ‘'scipiendas
337 3057 458 3120 videtur
481 3075 544 3119 non
569 3054 791 3121 rationabiliter
815 3051 887 3118 dici.

196 3143 264 3208 Non
287 3145 371 3210 enim
399 3145 559 3209 ordiuntur
593 3143 718 3228 aliquod
743 3142 861 3228 patiens
884 3141 922 3206 ad
960 3144 1057 3210 susci-

129 3231 259 3317 piendas
282 3235 500 3321 impressiones
524 3234 642 3318 agentis
666 3232 724 3296 nisi
748 3247 803 3317 per
826 3229 885 3296 boc
903 3233 1057 3317 quodest
1112 3241 1120 3258 “

181 3369 220 3440 (l)
237 3369 298 3424 Non
321 3374 388 3424 enim
412 3378 451 3424 est
477 3371 579 3440 aliquid
600 3371 802 3423 determinatum
822 3369 895 3434 darc,
920 3369 937 3420 i.
957 3383 979 3421 e.
1003 3383 1055 3424 non

129 3441 199 3494 enlm
219 3447 305 3511 potest
322 3445 371 3495 dici
391 3443 461 3512 quod
479 3457 509 3495 ea
533 3443 606 3510 signa
634 3441 749 3512 aliquam
776 3441 976 3494 determinatam
1004 3443 1058 3496 dis·

128 3514 287 3585 positionem
303 3516 334 3586 in
353 3515 508 3587 corporibus
527 3513 651 3587 efficiant.
703 3581 707 3588 ⁸
746 3572 750 3580 ,
