2462 3968
272 263 328 307 ιιι.
353 263 393 306 ιιι.
416 261 480 306 cun.
503 261 620 308 utxxttt.
645 261 679 304 ιτ
696 259 811 304 cxxxiv.
926 240 991 306 945

80 335 135 397 lem
155 343 332 398 uenturam
356 331 481 416 disponi
501 341 602 414 potest
624 328 684 484 gip
719 328 879 394 inferiores
916 328 991 394 nero

79 421 207 508 spiritus.
232 440 287 508 per
309 421 495 505 superiorem
518 419 601 486 unde
647 419 696 484 icit
718 417 886 503 Dionysius
907 417 992 504 quod

78 512 218 576 caelestes
256 510 405 576 essentiae
434 509 658 574 intellectuales
689 509 791 592 primu
810 507 842 571 in
874 507 992 590 scipsas

79 599 212 666 diuinam
239 599 333 664 edunt
347 598 617 672 illuminationem,
647 607 677 661 et
705 596 739 660 in
773 615 830 660 nos
852 593 994 679 deferunt

78 709 150 772 ottus
165 708 264 772 supra
285 707 341 752 nos
356 697 426 752 sunt
453 686 719 770 manifestationes
745 683 884 774 (Coclest.
901 683 995 759 Hier„

79 798 102 842 c.
125 777 170 866 l);
194 775 339 844 inferiora
364 775 456 842 etium
479 795 611 861 corpora
641 794 696 861 per
718 773 888 859 superium
912 771 995 838 unde

78 865 240 950 Dionysius
263 864 334 932 dicit
357 864 440 950 quod
467 865 514 929 sol
529 865 572 930 ccl
587 863 812 950 peuuuuoueu
828 860 995 927 visibilium

79 975 239 1037 corporum
263 953 389 1038 coissent,
412 965 441 1018 et
462 953 505 1018 acl
526 955 624 1019 uitam
646 953 716 1036 ipso
742 961 851 1028 mouet,
889 961 918 1014 ct
940 969 995 1014 nu·

81 1045 139 1121 trit,
163 1055 193 1108 et
216 1055 317 1128 supet,
340 1055 369 1108 et
389 1042 524 1128 perlicit,
562 1053 591 1106 ct
623 1041 763 1118 mundat,
801 1050 831 1104 et
866 1049 997 1104 renouat

81 1131 129 1208 (ds
151 1132 254 1198 Divin.
290 1131 422 1205 Nomio„
446 1153 472 1198 s.
496 1131 541 1216 Ιι).
574 1131 620 1196 De
642 1130 689 1196 his
724 1141 827 1194 autem
850 1127 995 1194 omnibus

80 1221 165 1286 simul
204 1221 277 1285 dicit
320 1221 524 1303 Augustinus:
561 1219 827 1300 Quemadmodum
862 1235 995 1300 conpeta

80 1311 234 1392 procsioru
257 1321 287 1374 ct
308 1310 459 1393 iuferiora
478 1329 536 1392 per
557 1308 721 1374 subtiliora
755 1319 785 1372 et
817 1307 994 1390 potentiana

80 1401 208 1480 quodum
233 1399 341 1464 ordine
363 1410 521 1484 sequntur,
556 1398 602 1462 ita
631 1398 735 1462 omitia
768 1416 901 1478 corpora
936 1414 994 1477 per

80 1488 324 1568 spiritumoitae
346 1489 544 1565 rationalem,
566 1497 595 1550 et
609 1487 737 1570 spiritus
747 1485 911 1550 rationalis
924 1503 995 1566 pec-

82 1587 163 1650 optor
184 1597 244 1660 per
267 1579 411 1660 spiritum
432 1577 618 1642 rationalem
635 1577 754 1660 justum
778 1573 836 1660 (l).

361 1754 417 1820 CA
431 1753 454 1819 P
467 1753 490 1820 U
504 1753 530 1818 t
570 1751 727 1820 LXXXIV.

184 1932 273 2012 Quod
295 1951 426 2016 corpora
449 1931 595 1996 caelestia
617 1951 679 1996 non
700 1931 881 2016 imprimant

356 2022 388 2086 in
404 2022 577 2088 intellectus
595 2031 726 2086 nostros.

146 2195 187 2260 En
211 2195 259 2262 his
281 2208 384 2262 eutem
400 2215 483 2280 quae
506 2195 672 2281 praemissu
695 2195 776 2273 sunt,
799 2195 830 2262 iu
854 2208 999 2282 promptu

85 2298 208 2369 sponset
231 2283 315 2370 quod
338 2305 446 2350 eorum
479 2295 653 2369 quaesunt
690 2283 770 2350 circu
808 2284 999 2352 intellectum

86 2391 212 2460 corporo
235 2375 379 2440 caelestia
402 2393 514 2438 suusne
536 2393 604 2440 esse
628 2392 689 2438 nun
713 2387 851 2458 possunt.

148 2463 217 2528 tam
239 2462 322 2528 enim
344 2476 500 2528 ostensum
524 2474 570 2528 est
593 2459 644 2544 (c.
678 2461 716 2527 st
758 2474 788 2528 et
810 2462 879 2552 82)
915 2460 999 2549 quad

88 2547 207 2618 divinae
231 2551 441 2638 providentiae
463 2553 541 2618 ordo
563 2564 609 2616 est
631 2561 664 2616 ut
687 2569 743 2635 pet
764 2552 923 2636 superiora
950 2571 999 2616 re-

87 2652 196 2720 gantur
218 2639 362 2706 inferiora
385 2653 415 2706 ct
452 2652 643 2706 moveantur.
682 2639 856 2706 Intellectus
894 2652 998 2704 sutem

88 2727 194 2796 ordine
217 2727 459 2796 untucocomnin
482 2749 611 2816 corpora
635 2726 769 2806 excedit,
797 2741 830 2792 ut
853 2747 890 2792 ex
914 2747 1000 2813 prae·

88 2813 172 2882 dictis
196 2823 249 2908 (s.
274 2819 315 2884 tu
338 2830 368 2884 et
383 2817 452 2906 78)
478 2830 569 2902 patet.
608 2817 805 2903 Impossibile
828 2831 873 2882 est
911 2815 1003 2900 igitur
1214 2867 1215 2876 ,

88 2906 168 2987 quud
191 2927 330 2994 corpocs'
343 2904 486 2972 coelestia
508 2917 601 2990 agunt
624 2906 656 2972 iu
677 2905 866 2971 intellectum
880 2903 1004 2971 directe.
1214 2903 1215 2989 l

88 2990 153 3060 Non
177 2994 269 3079 igitur
298 3007 426 3082 possunt
447 3013 514 3060 esse
537 3013 629 3060 cuusa
651 3013 707 3081 pet·
728 3013 762 3060 se
795 3014 1006 3079 eorumquae

90 3097 157 3148 sunt
180 3088 259 3150 cinca
282 3084 480 3170 intellectum.

152 3171 270 3245 Adhuc,
293 3172 418 3238 Nullum
448 3191 560 3257 eorpus
579 3171 640 3255 ogit
663 3170 720 3236 nisi
744 3191 798 3256 per
824 3182 955 3245 motum3
977 3184 1009 3236 ut

89 3259 233 3340 probatur
255 3263 286 3328 iu
310 3274 417 3328 octavo
443 3261 649 3345 physicorum
673 3259 776 3347 (text.
800 3280 913 3326 comto.
927 3259 968 3325 53
985 3261 1009 3343 ).

92 3345 175 3427 Quae
197 3365 301 3416 autem
322 3361 394 3416 suut
425 3349 593 3442 immobilia
617 3371 681 3416 non
702 3362 868 3416 causantur
890 3368 927 3416 ex
942 3369 1009 3415 tuo·

146 3467 188 3540 (l)
208 3473 314 3543 Dlulop.
332 3471 359 3527 l.

148 3540 186 3610 (ἓ)
205 3543 231 3598 S.
249 3544 328 3614 Aug„
347 3544 378 3597 tle
400 3542 505 3611 Tmoli,
522 3543 538 3596 Ι.
557 3539 585 3594 5.
