2494 3970
556 259 612 305 ΗΒ.
637 261 678 306 tlt.
704 259 767 305 CAP.
791 261 842 305 Vll.

563 412 734 481 CAPUT
767 417 830 483 t'lt.

369 589 459 672 Quod
480 591 600 656 mudum
620 611 680 658 nun
706 604 751 660 εει
763 595 871 680 aliqua
894 605 1020 661 natura.

299 773 341 839 Ex
364 770 411 836 his
435 781 537 834 autem
555 781 682 858 apparet
704 771 788 858 quod
811 772 897 838 nulia
935 774 1066 839 essentia
1106 787 1154 840 εει

232 862 404 928 secundum
428 879 461 923 se
484 857 575 944 mala

299 947 524 1025 Malumenim,
547 962 580 1013 ut
604 947 720 1015 dietum
752 962 799 1015 eat
832 949 886 1038 (ε.
910 949 972 1031 6),
995 950 1070 1016 nihil
1107 965 1154 1018 est

232 1041 318 1107 aiiud
341 1058 434 1127 quam
455 1037 587 1123 privatio
609 1035 675 1122 ejus
699 1039 782 1125 quod
813 1040 881 1125 quis
919 1053 1008 1105 natus
1042 1053 1088 1106 est
1121 1056 1152 1107 et

231 1129 324 1197 debet
345 1127 471 1204 habene,
493 1125 537 1191 sic
560 1127 644 1191 enim
666 1128 750 1214 apud
773 1141 939 1194 omnesest
962 1150 1035 1195 usus
1058 1129 1150 1216 hujus

230 1219 366 1286 nominis
390 1216 517 1282 muium.
541 1214 674 1281 Privatio
697 1231 799 1284 autem
824 1237 886 1283 nun
910 1229 957 1282 εει
989 1219 1151 1305 aliquaes-

229 1310 338 1387 sentia,
361 1305 415 1372 sed
439 1318 486 1370 est
507 1305 631 1390 negatio
654 1306 685 1370 in
709 1308 887 1372 substantia.
922 1307 1035 1372 Malum
1059 1307 1153 1393 igitur

229 1417 292 1464 non
317 1409 363 1463 εει
386 1395 487 1480 aliqua
511 1395 642 1458 essentia
666 1395 699 1458 in
723 1396 825 1462 rebus.

295 1486 413 1565 Adhuc,
427 1481 676 1569 Unumquodque
693 1485 864 1551 seeundum
880 1503 968 1550 suam
985 1486 1150 1552 essentiam

228 1577 321 1642 habet
343 1595 421 1641 εεεε.
457 1573 643 1658 lnqnantum
679 1587 783 1639 autem
819 1573 912 1639 nabet
944 1593 1038 1652 esse,
1057 1575 1149 1641 habet

227 1664 352 1750 aliquod
375 1664 503 1739 bonum,
540 1681 623 1738 uam,
647 1662 671 1727 si
695 1662 812 1728 bonum
848 1677 893 1727 εει
926 1663 1009 1748 quod
1044 1666 1147 1729 omnia

227 1766 385 1841 appetunt,
407 1763 528 1838 oportet
550 1751 651 1837 ipsum
691 1771 759 1817 esse
795 1753 844 1839 (i)
878 1752 995 1818 bonum
1034 1751 1148 1829 dicere,

228 1861 300 1908 uum
334 1843 437 1908 omnia
465 1859 533 1904 esse
570 1847 724 1926 appetant.
748 1840 925 1906 Secundum
959 1841 1019 1907 hue
1056 1842 1149 1926 igitur

228 1929 472 2018 unumquodque
496 1927 615 1992 bouum
646 1943 692 1994 εει
726 1930 809 2016 quud
844 1930 1009 1996 essentiam
1044 1929 1146 1996 habet.

227 2020 349 2085 Bonum
373 2033 477 2084 autem
502 2028 532 2081 et
557 2017 673 2082 malum
696 2032 904 2106 opponuntur.
939 2019 1020 2085 Nihil
1054 2019 1148 2103 iginu·

226 2123 272 2174 εει
296 2109 413 2174 maium
437 2105 609 2172 seeundum
634 2107 716 2193 quud
741 2109 905 2175 essentiam
930 2109 1032 2175 habet.
1056 2108 1146 2174 Nulla

221 2199 315 2283 igitur
338 2197 469 2262 essentia
495 2195 577 2259 mala
601 2209 657 2261 εει.

289 2287 439 2374 Amplius,
462 2283 571 2350 Omnis
595 2305 644 2350 res
667 2285 715 2350 vel
739 2299 785 2352 est
807 2286 963 2370 agensvel
986 2299 1032 2352 est
1054 2285 1144 2352 saeta.

220 2375 334 2441 Malum
359 2390 461 2442 autem
486 2395 547 2439 nou
565 2387 663 2461 potest
687 2395 755 2440 esse
778 2395 883 2460 agens,
896 2376 967 2461 quia
992 2376 1143 2462 quidquid
1238 2375 1239 2382 ἶ

221 2465 281 2549 agit
306 2465 487 2551 inquantum
511 2476 557 2528 εει
580 2477 648 2528 actu
672 2466 804 2529 existens
839 2477 869 2528 ει
907 2463 1090 2551 perfeetum3
1112 2479 1144 2529 ει

219 2554 360 2620 similiter
383 2571 445 2620 nun
480 2565 580 2640 potest
613 2572 681 2617 esse
719 2551 846 2632 faunum,
870 2573 943 2618 nam
978 2553 1143 2640 cujuslibet
1236 2597 1237 2607 a

221 2645 427 2727 generationis
441 2642 590 2708 terminus
614 2653 660 2704 est
682 2640 781 2707 forma
817 2656 848 2707 et
885 2642 1014 2708 buntnn.
1052 2642 1142 2708 Nulla
1235 2669 1236 2685 ι

223 2734 315 2817 igitur
335 2753 395 2812 ιεε,
417 2730 588 2797 seeundum
613 2749 699 2794 suam
725 2733 902 2810 essentiam,
924 2745 970 2797 est
993 2731 1084 2796 mala.
1234 2747 1235 2763 ¹

288 2822 374 2901 item,
397 2820 478 2885 Nihil
501 2818 598 2883 tendit
621 2818 660 2883 ad
683 2841 774 2884 suum
804 2825 1004 2898 eontrariunn
1029 2839 1140 2886 unum·
1232 2849 1233 2852 ¹

220 2911 366 2997 quodque
390 2911 473 2974 euim
497 2908 612 2994 appetit
636 2908 719 2993 quud
743 2924 789 2975 εει
811 2910 868 2976 sibi
899 2910 998 2975 simile
1011 2923 1040 2974 et
1063 2929 1139 2975 enn-

218 3001 354 3064 veniens.
380 2997 482 3064 Omne
505 3010 608 3062 autem
633 3018 688 3064 ens
711 3000 833 3083 agendo
856 2999 985 3064 intendit
1008 2999 1139 3076 bunum,

217 3102 256 3153 ut
273 3101 433 3153 ostensum
461 3099 507 3150 εει
529 3087 581 3172 (ε.
612 3087 670 3171 5).
704 3087 829 3153 Nullum
866 3089 959 3174 igitur
991 3105 1058 3167 ens,
1092 3089 1140 3152 in-

215 3191 366 3262 quantum
390 3175 579 3262 hujusmudi‘,
602 3190 648 3240 est
671 3177 798 3242 maium.

282 3265 401 3344 Adhuc,
424 3263 534 3330 Omnis
557 3265 689 3331 essentia
712 3279 759 3331 est
782 3265 874 3332 alieni
909 3267 953 3332 rei
976 3266 1139 3342 naturalis;
1227 3295 1228 3315 ÷

216 3355 240 3418 si
264 3355 347 3418 enim
371 3367 417 3419 εει
441 3356 471 3418 in
495 3373 609 3438 genere
633 3354 833 3434 substantiae,
854 3369 900 3422 est
925 3357 990 3443 ipsa
1024 3369 1139 3421 natura
1226 3375 1227 3388 ¹

211 3443 269 3518 sei;
293 3443 318 3507 si
341 3463 415 3509 vero
438 3444 476 3507 sit
492 3445 521 3506 in
535 3463 650 3546 geuene
662 3444 838 3525 accidentis,
863 3444 1081 3534 oportetquud
1097 3464 1139 3540 ex

268 3547 305 3618 (i)
324 3547 414 3619 Ipsum
431 3566 493 3620 eata,
511 3552 528 3604 i.
547 3567 569 3604 ε.
589 3558 622 3597 τι
641 3549 727 3618 ipsum
744 3567 808 3606 etse.
1224 3539 1225 3553 ¹
