2462 3968
307 263 310 271 ·
375 239 431 307 ain.
456 261 496 306 ur.
520 261 584 308 cnr.
608 261 723 307 nnxntv.
940 242 1004 307 ut7

75 341 196 394 motum
223 330 257 395 in
284 330 416 395 termino
440 351 515 395 suae
551 327 771 415 generationis,
808 330 865 395 nisi
889 331 927 396 sit
950 331 1005 396 ali·

76 417 150 502 quid
175 419 367 504 impediens
390 420 509 484 ratione
531 418 619 504 cujus
642 418 914 503 generansdicitur
937 440 1005 485 nro·

76 525 160 571 vens.
186 507 273 572 lllud
296 527 371 592 ergo
395 507 478 593 quod
517 507 687 573 secundum
723 507 907 595 principium
930 529 1006 574 suae

75 607 207 660 naturae
231 617 298 661 non
322 610 368 661 est
390 595 562 681 subjectum
576 595 745 661 actionibus
757 615 922 682 corporum
936 617 1006 662 cae·

73 682 213 763 lestium,
243 705 348 770 neque
371 685 543 750 secundum
560 685 771 770 operationem
795 703 883 748 suam
907 697 1006 772 potest
1091 697 1101 724 ⁹

75 771 102 836 ci
131 791 203 838 esse
246 773 430 858 subjectum.
465 773 538 838 Pars
577 785 680 838 autem
720 772 903 838 intellectiva
943 794 1006 840 nou

74 875 225 927 causatur
251 862 290 928 ab
314 861 466 962 aliquibus
504 861 659 948 principiis
688 861 835 948 corporis,
871 861 925 926 sed
960 874 1007 927 εει

75 951 209 1014 omuino
237 951 277 1015 ab
302 951 482 1028 extrinseco,
507 962 540 1016 ut
580 971 671 1037 supra
695 950 742 1036 (l.
781 951 812 1028 θ,
849 971 875 1015 c
910 950 1005 1015 caet

73 1057 138 1124 seq.
156 1038 171 1124 )
198 1039 369 1126 probatum
393 1053 448 1104 est.
473 1037 649 1126 Operatio'
642 1039 734 1123 igitur
757 1039 927 1104 intellectus
943 1059 1006 1105 nou

75 1125 195 1192 directe
221 1127 361 1214 subjacet
378 1128 558 1215 corporibus
594 1127 785 1193 caelestibus.

141 1215 301 1302 Amplius,
324 1217 364 1280 Ea
389 1237 468 1302 quae
492 1229 657 1282 causantur
679 1235 716 1281 ex
746 1215 881 1280 motibus
904 1217 1005 1282 caele-

76 1302 177 1370 stibus
203 1305 338 1391 tempori
363 1306 551 1381 subduntur,
572 1305 656 1392 quod
679 1319 725 1370 εει
747 1323 896 1370 uumerus
913 1306 1005 1392 primi

76 1405 182 1458 motus
208 1394 359 1460 caelestis.
384 1395 470 1477 Quae
494 1395 586 1480 igitur
617 1395 744 1459 ornnino
782 1393 1004 1458 abstrabunta
1094 1467 1100 1481 ,

76 1492 225 1567 tempore
248 1504 311 1548 uon
335 1497 405 1547 sunt
428 1483 609 1550 caelestibus
634 1481 766 1548 motibus
789 1481 937 1566 subjecta
954 1483 1004 1547 ln·

79 1569 224 1636 tellectus
263 1585 367 1636 autern
409 1571 440 1636 in
479 1593 534 1636 sua
581 1573 758 1658 operatione
801 1569 948 1636 abstrahit
986 1592 1004 1636 a

79 1656 241 1745 ternpore,
262 1661 339 1726 sicut
367 1673 436 1726 eta
459 1661 538 1738 loco;
562 1660 734 1726 considerat
771 1658 854 1724 eninr
880 1661 1004 1724 univer-

80 1746 155 1824 sale,
179 1748 267 1834 quod
291 1763 337 1816 εει
359 1750 545 1816 abstractum
568 1749 607 1814 ab
631 1748 680 1814 bic
704 1761 734 1812 ει
771 1767 863 1812 ιιιιιιε.
887 1749 1004 1814 Noni-

81 1835 164 1917 gitur
206 1837 346 1926 operatio
392 1837 605 1904 intellectualis
643 1835 783 1902 subditur
821 1837 1003 1904 caelestibus

81 1925 234 1990 motibus.

151 2007 464 2098 nuuuo‚llit1itagit
487 2015 563 2080 ultra
598 2033 685 2079 suant
717 2014 864 2115 speciem.
900 2015 1003 2102 lpsum

85 2111 189 2166 autern
216 2103 386 2189 intelligere
424 2103 610 2169 transcendit
629 2101 777 2204 specicrn
814 2115 844 2168 et
872 2101 1004 2170 formant

85 2188 251 2274 cujuslibet
275 2193 411 2278 corporis
435 2193 562 2276 agentis,
585 2191 656 2278 quia
691 2191 791 2256 omnis
814 2190 913 2256 forma
937 2213 1005 2258 cor

86 2297 182 2362 porca
207 2293 253 2345 εει
277 2281 442 2346 materialis
465 2294 493 2345 et
533 2280 731 2357 individuam,
765 2281 866 2366 ipsum
900 2295 1004 2348 autern

85 2365 261 2453 intelligere
285 2369 376 2434 babet
398 2370 532 2456 speciem
557 2389 573 2434 a
597 2389 653 2434 suo
685 2367 816 2453 objecto,
851 2370 934 2455 quod
958 2384 1005 2436 est

87 2455 262 2522 universale
285 2470 315 2522 et
338 2458 549 2536 immateriale
573 2457 655 2522 unde
679 2457 797 2522 nullum
814 2475 926 2544 corpus
949 2481 1005 2547 per

86 2539 222 2609 formam
245 2567 332 2612 suam
355 2567 546 2634 corpoream
559 2545 730 2630 intelligere
767 2559 875 2632 potest.
910 2549 1004 2614 Multo

88 2630 181 2714 igitur
197 2634 300 2700 minus
324 2649 423 2723 ροιεει
445 2635 662 2723 quodcumque
685 2653 796 2721 corpus
819 2655 945 2702 causare
979 2639 1004 2702 i-

87 2737 181 2804 psum
206 2723 430 2808 intelligerem
454 2725 523 2788 alio.

154 2810 244 2886 ltem,
266 2812 442 2877 Secundum
466 2811 541 2876 illud
565 2831 626 2898 quo
650 2810 763 2898 aliquid
788 2813 892 2877 unitur
915 2833 1005 2898 supe-

88 2895 234 2980 rioribus,
267 2921 330 2966 non
364 2914 410 2964 εει
448 2899 643 2966 inlerioribus
672 2899 856 2982 subjectum
895 2901 1004 2966 Anima

89 2999 193 3054 autem
217 3002 330 3067 nostra,
352 2989 521 3054 secundum
545 2988 629 3074 quod
653 2987 803 3072 inteiligit,
815 2989 919 3054 unitur
934 2991 1004 3055 sub·

91 3077 209 3141 stantiis
232 3077 497 3154 intellectualibus,
519 3097 599 3163 quae
622 3089 693 3140 suut
705 3095 879 3161 superiores
895 3078 1005 3144 ordine

92 3175 234 3230 naturae
245 3166 424 3253 corporibus
461 3127 652 3242 celclestibus3
686 3183 747 3228 nou
788 3165 889 3230 eninr·
906 3179 1006 3252 potest

93 3251 193 3316 anirna
210 3267 313 3321 nostra
336 3253 508 3339 intelligere
531 3253 591 3319 nist
583 3252 780 3320 secundum
803 3253 885 3340 quod
898 3254 1005 3320 lurnen

94 3337 300 3408 intellectuale
335 3343 407 3407 inde
440 3343 572 3408 sortitur.
609 3341 800 3428 impossibile
833 3356 880 3407 est
913 3343 1005 3428 igitur

95 3429 177 3509 quod
200 3431 412 3498 intellectualis
435 3433 573 3519 operatio
596 3432 711 3498 directe
749 3431 882 3500 motibus
906 3434 1005 3502 caelo-

94 3515 188 3584 stibus
210 3520 367 3586 subdatur.
