2494 3970
438 257 494 302 orn.
517 259 558 302 ru.
583 256 646 301 oto.
670 255 750 301 xxru.
1007 239 1048 302 65

195 324 344 414 Amplius,
368 323 400 390 Si
422 325 605 412 principium
629 340 731 392 motus
754 325 892 394 caelestis
915 340 961 392 est
983 327 1048 392 sola

129 427 239 482 natura
263 415 380 501 absque
403 415 648 502 apprehensione
671 415 784 502 aliqua,
821 427 943 503 oportet
964 415 1049 503 quod

128 505 316 592 principium
340 516 442 570 motus
465 505 541 569 oaeli
564 504 604 570 sit
625 503 724 570 forma
748 504 887 570 eoelestis
902 505 1050 592 eorporis,

125 597 208 660 sieut
230 606 261 658 et
283 593 315 658 in
349 592 519 671 elementis
542 593 613 658 lioet
647 595 730 658 enim
754 592 873 660 formae
896 594 1050 681 simplices

128 703 194 750 non
211 683 271 748 sint
293 695 464 756 moventes,
480 695 551 746 sunt
564 694 666 748 tamen
684 683 831 768 principia
848 697 1000 760 motuum
1011 682 1050 748 ad

126 792 184 836 eas
207 771 289 836 enim
303 783 534 856 consequuntur
557 785 659 836 motus
673 771 926 850 naturales,siout
941 791 1050 838 omnes

129 861 209 926 aliae
232 859 386 926 naturales
409 858 619 945 proprietates.
643 860 712 925 Non
735 872 838 926 autem
863 874 1051 948 potestesse

126 949 215 1034 quod
226 959 328 1014 motus
341 947 479 1015 caelestis
491 962 637 1033 sequatur
648 948 781 1014 lormam
791 950 929 1014 eoelestis
941 969 1051 1035 eorpo-

130 1039 175 1102 ris
189 1039 267 1104 siout
282 1037 465 1124 principium
479 1039 623 1114 ootivum3
635 1039 678 1104 sio
691 1039 774 1104 enim
791 1037 890 1104 lorma
906 1051 952 1104 est
967 1039 1051 1125 prin·

125 1127 248 1212 oipium
266 1139 367 1192 motus
383 1125 498 1203 localis,
510 1125 691 1214 inquantum
705 1127 794 1192 alicui
810 1128 931 1214 corpori
943 1147 1051 1194 seeun-

130 1215 305 1282 dumsuom
319 1212 451 1280 lotmern
469 1214 598 1280 debetur
614 1215 722 1301 aliquis
734 1215 820 1280 loeus
833 1218 864 1280 in
881 1237 974 1302 quem
983 1237 1050 1282 mo·

132 1319 221 1370 vetur
243 1325 280 1369 ex
304 1303 333 1368 ri
355 1323 428 1368 suae
452 1301 569 1370 formae
595 1304 746 1369 tendentis
769 1305 800 1368 in
825 1305 927 1370 looum
953 1305 1051 1384 illum,

125 1413 226 1479 quem
250 1392 322 1478 quis
345 1391 397 1456 dat
419 1411 581 1476 generans,
608 1391 719 1458 dieitur
741 1413 808 1458 esse
840 1407 951 1470 motor;
974 1395 1051 1460 sieut

131 1483 197 1567 igni
220 1480 392 1549 seeundum
414 1501 503 1546 suam
526 1480 658 1546 loturam
673 1482 820 1568 competit
834 1503 901 1548 esse
916 1503 1051 1560 sursom;

124 1571 255 1658 ,corpori
279 1581 381 1636 autem
406 1569 528 1636 caelesti
551 1569 823 1636 seeundumsuarn
839 1570 971 1636 sormam
988 1592 1051 1638 nou

132 1660 232 1746 magis
256 1659 397 1743 congruit
421 1679 518 1724 unum
540 1658 595 1726 ulti
628 1679 720 1745 quem
743 1659 836 1724 aliud.
861 1659 927 1724 Non
959 1659 1051 1744 igitur

131 1763 235 1814 motus
257 1747 395 1812 eoelestis
418 1748 601 1834 principium
625 1761 671 1813 est
694 1748 758 1812 solo
782 1761 902 1814 natura.
920 1746 1049 1835 Oportet

126 1839 225 1922 igitur
247 1835 331 1923 quod
354 1835 537 1922 principium
566 1849 669 1902 motus
691 1837 761 1922 ejus.
791 1838 829 1902 sit
852 1858 908 1924 per
942 1857 1050 1925 oppre-

131 1927 316 1994 hensionem
338 1926 500 1992 moventis.

195 2015 314 2093 Adhuc,
337 2013 451 2080 Notum
473 2033 597 2100 semper
619 2013 658 2078 od
691 2033 790 2080 uuum
826 2013 934 2092 tendit;
967 2016 1050 2082 uode

125 2123 211 2190 quae
233 2117 305 2171 sunt
327 2125 344 2168 o
369 2116 477 2168 netum
499 2122 623 2189 semper
644 2116 715 2168 sunt
738 2103 850 2169 eodem
874 2103 978 2182 modo,
990 2105 1050 2170 nisi

130 2192 349 2280 impediantur,
369 2190 455 2277 quod
491 2203 537 2256 est
560 2191 591 2256 in
615 2192 820 2277 paucioribus.
843 2191 935 2273 Quod
959 2193 1051 2276 igitur

126 2281 239 2348 exsui
264 2281 382 2348 ratione
405 2279 499 2346 habet
526 2279 758 2346 difformitatem
793 2281 981 2366 impossibile
1005 2293 1051 2348 est

128 2370 214 2456 qnod
236 2370 275 2436 sit
296 2369 366 2436 linis
388 2367 419 2434 in
444 2388 536 2454 quarn
561 2369 657 2434 tendit
678 2381 798 2436 natura.
821 2369 920 2436 llotus
946 2383 1050 2436 autern

126 2459 301 2526 secundum
323 2477 412 2526 suam
433 2457 585 2524 rationem
600 2471 647 2523 est
662 2457 850 2544 huiusmodi
867 2459 950 2545 quod
966 2461 1049 2526 enim

126 2561 284 2626 movetur,
304 2548 487 2632 inquantum
505 2545 692 2631 hujusmodi,
707 2547 895 2614 dissimiliter
909 2569 942 2616 se
959 2548 1051 2615 hebet

124 2657 214 2703 nuno
235 2650 266 2702 et
288 2635 382 2723 prius.
410 2635 603 2722 Impossibile
637 2649 682 2702 est
705 2636 798 2721 igitur
820 2637 903 2723 qood
941 2651 1050 2704 natura

129 2724 272 2791 intendet
302 2737 420 2792 motum
455 2737 579 2810 propter
612 2725 758 2812 seipsum.
792 2725 925 2792 Intendit
958 2727 1051 2811 igitur

129 2815 264 2901 quietem
287 2833 342 2900 per
365 2825 495 2890 motum,
519 2833 598 2898 quae
620 2835 655 2880 se
671 2815 763 2882 habet
779 2815 818 2880 ad
838 2828 955 2881 motum
972 2815 1051 2880 siout

130 2923 228 2970 unum
251 2902 292 2969 od
314 2901 421 2979 multe3
444 2901 572 2987 quiescit
592 2904 676 2970 enim
700 2903 775 2990 (id)
798 2903 882 2991 quod
912 2903 1051 2970 similiter
1071 2953 1076 2965 .

128 3012 164 3058 se
187 2991 280 3060 habet
301 3011 384 3058 nuno
406 3002 437 3056 ει
460 2989 543 3076 prius
565 2992 628 3076 (l).
662 2991 694 3058 Si
729 3013 803 3078 ergo
837 3006 940 3060 motus
973 2993 1050 3059 oaeli

128 3082 208 3147 sita
242 3093 350 3148 natura
382 3092 512 3156 tontum,
545 3094 626 3147 esset
658 3080 816 3148 ordinatus
849 3081 881 3148 in
914 3080 1049 3166 aliquam

129 3171 277 3258 quietem
292 3167 379 3255 ottjus
395 3168 582 3236 eontrarium
597 3183 734 3255 apparet,
747 3191 819 3237 oum
831 3169 1049 3238 sitnontiouus.

183 3327 221 3398 (l)
243 3327 356 3398 Qro‘esoit
378 3329 446 3382 enim
472 3324 522 3394 (id)
545 3327 611 3394 qood
634 3328 757 3382 similiter
773 3345 800 3384 se
824 3329 901 3383 dolet
927 3347 994 3385 nune
1024 3336 1049 3384 ει

128 3403 215 3471 prius,
234 3400 252 3452 i.
270 3417 293 3452 e.
308 3399 379 3468 quod
396 3403 532 3469 permanet
549 3399 575 3450 in
594 3398 683 3451 eadem
701 3399 877 3469 dispositione.
889 3430 924 3440 -
935 3401 969 3455 ld
980 3403 1049 3454 enim

117 3472 202 3542 quod
219 3471 379 3526 dissimiliter
397 3486 425 3524 se
442 3469 551 3524 haberet
568 3484 639 3526 uuue
657 3479 687 3530 ot
703 3472 786 3544 prius,
804 3472 861 3542 ipso
880 3471 948 3527 lueto
966 3481 1049 3528 muta·

130 3547 229 3597 tionem
247 3548 384 3616 patroclus
401 3557 448 3599 seu
465 3548 626 3598 moveretur.
