2452 3970
392 269 447 313 ura.
472 269 513 314 ιιι.
537 269 600 314 car.
625 269 683 314 xer.
935 247 995 314 tm

82 336 234 423 quidditas
257 334 384 422 alicujus
420 338 609 415 universalis,
643 337 757 402 scilicet
794 336 915 421 generis
950 339 998 404 vel

81 427 204 512 speciei.
228 425 390 508 Quidditas
413 442 515 492 atatem
540 429 662 512 generis
685 425 734 491 vel
757 428 869 512 speciei
886 425 998 494 horum

79 514 286 594 sensibilium,
324 514 652 602 cujuscognitionem
688 515 905 582 intellectivam
942 537 999 602 per

78 604 295 689 phantasmata
319 604 497 690 accipimus,
520 604 756 691 comprehendit
789 605 820 669 in
843 625 877 670 se
900 617 997 670 mate·

78 693 159 757 riam
183 707 214 758 et
236 691 379 760 lormam.
402 694 453 758 Est
476 696 568 779 igitur
590 695 718 760 omnino
734 693 889 759 dissimilis
910 693 1002 780 quid-

78 781 167 847 ditati
190 782 381 848 substantiae
410 798 580 869 separatae,
621 805 701 868 quae
739 795 785 848 est
807 783 936 869 simplex
970 796 1000 848 et

77 871 302 937 immaterialis.
326 871 393 936 Non
417 884 462 936 est
480 874 577 956 igitur
593 872 738 958 possibile
761 871 855 958 quod,
874 871 1000 958 perhoc

76 960 164 1045 quod
188 961 368 1044 intelligitur
390 961 543 1046 quidditas
568 965 611 1026 rei
635 961 786 1026 sensibilis
824 981 884 1047 per
904 961 1001 1048 pban-

77 1062 222 1128 tasnaata,
247 1049 433 1132 intelligatur
456 1051 609 1136 quidditas
632 1051 820 1116 substantiae
832 1063 1001 1137 separatae.

146 1139 323 1215 Praeterea,
346 1138 470 1203 Nonest
493 1138 632 1223 ejusdem
657 1139 783 1204 rationis
800 1138 897 1204 lorma
921 1159 1002 1224 quae

76 1227 253 1292 secundum
277 1247 310 1292 se
332 1247 393 1294 non
418 1241 517 1314 potest
539 1231 673 1313 separari
709 1229 748 1292 ab
787 1227 890 1315 aliquo
927 1229 1001 1292 sub-

74 1315 159 1402 jecto
184 1337 255 1380 curn
280 1317 329 1382 illa
354 1337 432 1404 quae
455 1333 615 1404 separatur
634 1317 804 1384 secundum
828 1337 896 1382 esse
918 1317 1002 1380 atali

78 1405 236 1490 subjecto,
254 1405 325 1470 licet
361 1419 491 1491 utraque
514 1407 685 1470 seeundum
721 1405 1000 1472 considerationem

77 1495 248 1580 accipiatur
270 1495 386 1581 absque
409 1497 458 1558 tali
484 1496 633 1580 subjecto:
676 1515 738 1560 non
763 1495 847 1559 enirn
881 1508 927 1558 est
950 1515 1002 1558 ea-

78 1583 151 1648 dem
178 1585 255 1648 ratio
289 1584 508 1667 magnitudinis
546 1599 576 1648 et
610 1584 797 1649 substantiae
832 1596 1003 1668 separatae,

79 1673 138 1736 nisi
163 1693 316 1758 ponamus
339 1673 567 1756 magnitudines
605 1686 760 1756 separatas
783 1671 901 1736 medias
925 1675 1005 1736 inter

79 1763 201 1846 species
223 1775 253 1826 et
275 1761 442 1839 sensibilia,
458 1763 535 1826 sicut
549 1762 640 1847 aliqui
661 1761 808 1826 Platonici
822 1775 1002 1848 posuerunt.

81 1851 246 1932 Quidditas
270 1863 372 1916 autem
396 1853 518 1934 generis
544 1851 591 1915 vel
615 1851 726 1936 speciei
763 1869 867 1914 rerum
905 1851 1004 1915 sensi·

81 1940 192 2004 biliurn
217 1961 278 2004 non
303 1953 402 2026 potest
424 1941 560 2026 separari
598 1940 768 2004 secundum
793 1959 861 2004 esse
884 1939 923 2004 ab
947 1940 1005 2004 bac

82 2029 265 2094 individuali
284 2031 423 2107 materia,
446 2030 503 2093 nisi
516 2025 616 2107 lurae,
633 2029 804 2093 secundum
827 2027 1002 2093 Platonicos

81 2119 143 2204 (l),
161 2139 315 2204 ponamus
328 2137 433 2183 rerum
458 2121 575 2204 speeies
600 2133 766 2204 separatam
790 2115 874 2202 quod
906 2130 951 2181 est
967 2117 1006 2181 ab

81 2207 244 2272 Aristotele
268 2207 460 2293 (Metaphys,
488 2209 515 2285 l,
538 2220 600 2271 text
635 2227 749 2271 eornm.
772 2206 804 2283 2,
828 2205 849 2269 d
872 2218 902 2269 et
925 2209 1005 2290 seq.)

81 2296 303 2382 improbatum.
329 2296 379 2360 Est
404 2299 496 2381 igitur
520 2297 647 2360 onrnino
672 2294 828 2364 dissimilis
851 2293 1006 2379 quidditas

81 2385 237 2470 praedicta
262 2405 279 2449 a
302 2385 480 2450 substantiis
503 2387 662 2469 separatis,
699 2404 780 2471 quae
803 2383 888 2448 nullo
912 2383 1006 2448 modo

81 2487 157 2538 sunt
180 2475 210 2538 in
245 2474 384 2539 materia.
422 2475 489 2538 Non
514 2475 618 2556 igitur,
642 2474 791 2561 per-boc
827 2471 911 2559 quod
947 2473 1006 2536 bae

82 2562 269 2646 quidditates
293 2563 514 2649 intelliguntur,
537 2563 725 2628 substantiae
760 2573 920 2646 separatae
959 2563 1005 2625 in-

84 2651 180 2735 telligi
204 2665 341 2736 possunt.

149 2741 267 2816 Adbuc,
283 2739 314 2804 Si
338 2740 491 2826 quidditas
514 2739 702 2805 substantiae
732 2750 891 2825 separatae
916 2737 1006 2802 detur

83 2849 151 2894 esse
174 2828 313 2912 ejusdem
338 2830 463 2894 rationis
486 2849 556 2894 oum
593 2829 762 2915 quidditate
801 2825 923 2911 generis
958 2827 1006 2891 rel

82 2917 196 3001 speciei
221 2917 348 2982 istorum
371 2918 572 2990 sensibilium,
601 2940 663 2982 non
689 2916 798 3002 poterit
839 2914 899 2980 dici
923 2915 1007 2999 quod

83 3007 120 3070 sit
144 3005 284 3089 ejusdem
308 3007 436 3071 rationis
470 3007 641 3070 secundum
676 3007 823 3090 speciem3
847 3003 905 3068 nisi
924 3003 1008 3068 dica·

83 3113 154 3159 mus
186 3091 270 3179 quod
301 3097 419 3181 species
453 3095 565 3160 borum
601 3094 894 3186 sensibiliumosint
924 3093 1008 3178 ipsae

84 3183 272 3248 substantiae
294 3198 464 3269 separatae,
488 3186 565 3248 sieut
584 3182 729 3247 Platonici
755 3181 1008 3270 posuerunt.lie·
1054 3261 1057 3268 Ι

85 3284 191 3336 manet
213 3273 306 3356 igitur
328 3273 412 3358 quod
436 3293 498 3338 non
523 3285 613 3336 erunt
636 3271 775 3356 ejusdem
799 3269 934 3350 rationis,
951 3270 1008 3334 nisi

85 3377 234 3446 quantum
257 3361 296 3424 ad
332 3363 482 3426 rationem
518 3361 705 3446 quidditatis,
742 3359 925 3445 inquantum
962 3373 1008 3422 est

87 3449 250 3534 quidditas.
267 3449 348 3514 llaec
371 3465 476 3517 autem
500 3466 546 3516 est
569 3451 647 3516 ratio
678 3448 861 3526 eommunis,
885 3449 1006 3532 generis

138 3553 176 3622 (l)
194 3553 225 3610 ln
248 3553 359 3608 Timaeo.
