2494 3970
419 247 474 291 xre.
506 246 547 290 ιιι.
571 245 636 290 uxr.
658 242 754 288 xxxiv.
1001 229 1042 295 95

190 314 333 382 Felicitas
356 315 439 380 enim
464 317 601 380 bumana
625 334 687 379 non
716 326 762 377 est
784 313 829 380 ιιι
862 315 1041 384 ulteriorem

117 404 218 472 linem
238 404 431 483 ordinabilis,
453 406 478 468 si
501 404 539 468 sit
562 403 678 468 ultima.
702 399 819 468 Omnes
842 419 945 471 autem
968 427 1041 493 ope-

116 495 257 559 rationes
280 493 414 559 morales
438 507 508 559 sunt
531 489 719 557 ordinabiler
744 491 782 556 ad
807 491 924 578 aliquid
944 495 1039 574 aliud;

115 581 206 669 quod
229 595 312 668 patet
331 601 372 648 ex
393 583 441 648 bis
464 601 543 667 quae
567 581 646 646 inter
669 599 721 644 ees
751 593 823 646 sunt
846 583 1039 670 praeeipuam

116 673 317 757 operationes
341 670 425 738 enim
447 669 644 745 fortitudinis,
666 689 746 754 quae
784 671 908 736 suntin
946 674 1038 738 rebus

115 759 250 838 belbeis,
272 759 453 826 ordinamur
475 759 514 824 ιιι
537 759 694 825 victoriam
719 771 749 822 et
771 758 811 823 ad
834 762 1038 844 paeem3stnl-

115 863 185 914 tum
209 849 292 913 enim
316 861 396 914 esset
419 863 544 936 propter
565 869 599 914 se
622 857 741 912 tentum
757 846 882 922 bellarm
898 849 1038 916 similiter

116 938 317 1024 operationes
337 937 471 1022 justitiae
493 938 533 1002 ad
556 937 740 1002 servandam
764 956 872 1022 paoem
890 939 969 1003 inter
985 941 1038 1004 bo·

115 1026 219 1090 mines
242 1027 434 1104 ordinantur,
457 1045 513 1113 per
533 1027 595 1091 'boe
610 1025 692 1111 quod
706 1026 918 1112 unusquisque
933 1029 1038 1130 quiete

116 1114 203 1199 quod
227 1135 318 1180 suum
341 1131 386 1180 est
410 1115 557 1218 possiden
587 1129 617 1179 et
654 1115 793 1180 similiter
827 1129 909 1200 patet
932 1117 961 1180 in
1002 1138 1036 1182 ιι-

116 1203 244 1268 mnibus
267 1205 343 1269 aliis
360 1204 427 1280 bion
451 1217 498 1268 est
520 1205 612 1286 igitur
635 1204 666 1268 in
700 1203 930 1296 operationibus
969 1227 1036 1270 mo-

115 1293 235 1358 ralibus
258 1293 365 1358 ultima
390 1293 523 1358 bominis
546 1291 682 1365 solicitas.

184 1381 302 1460 Adbuc,
325 1381 457 1446 Virtutes
477 1381 610 1446 morales
640 1380 678 1444 ad
717 1379 777 1445 hue
814 1395 885 1446 sunt
908 1395 941 1447 ut
978 1403 1034 1469 per

116 1489 170 1534 eas
192 1484 392 1535 conservetur
415 1469 583 1535 medium
574 1490 607 1534 ιιι
630 1469 823 1556 passionibus
858 1471 1030 1536 intrinsecis

117 1572 148 1622 et
171 1559 374 1624 exterioribus
397 1559 499 1624 rebus.
522 1558 590 1622 Non
613 1572 658 1622 est
674 1571 777 1622 autem
790 1559 934 1660 possibile
951 1561 1034 1660 quod

117 1647 313 1712 mortificatio
335 1649 531 1736 passionum
547 1646 595 1712 rel
632 1665 737 1712 rerum
770 1648 958 1712 exteriorum
996 1650 1035 1714 sit

117 1735 245 1802 ultimus
267 1735 337 1802 finis
360 1739 514 1802 humanae
536 1737 626 1814 vitae,
648 1755 720 1800 eum
754 1734 838 1822 ipsae
877 1736 1034 1822 passiones

118 1837 149 1890 et
171 1825 336 1891 exteriores
358 1845 406 1890 res
430 1827 489 1890 sint
512 1825 551 1888 ad
574 1823 656 1889 aliud
679 1823 875 1890 ordinabiles.
899 1825 967 1890 Non
989 1841 1035 1892 est

117 1913 210 1996 igitur
232 1913 376 1999 possibile
398 1913 512 2000 qnod
505 1935 537 1979 m
560 1914 677 1980 uetibus
701 1913 846 1979 virtutum
869 1915 1056 1982 moralium.

118 2005 156 2066 sit
179 2002 285 2068 ultima
309 2003 442 2068 bominis
465 2002 602 2068 lelieites.

183 2091 332 2178 Amplius,
354 2091 431 2157 Cum
456 2081 550 2156 bomo
573 2094 611 2158 sit
634 2090 729 2158 burne
752 2111 790 2156 ex
814 2111 851 2156 eo
881 2091 964 2191 ιιιιοιι
988 2107 1033 2157 est

117 2179 268 2250 rationem
292 2181 419 2256 babens,
442 2193 562 2284 opprtet
585 2181 668 2267 quod
693 2181 852 2266 proprium
887 2179 953 2264 ejus
978 2181 1033 2246 bo-

118 2287 204 2346 num,
226 2269 309 2354 quod
332 2285 378 2334 est
400 2261 536 2344 felicitas,
562 2270 600 2334 sit
622 2269 794 2334 seeundum
818 2267 848 2332 id
879 2268 962 2369 quod
986 2283 1032 2334 est

118 2357 276 2458 proprium
299 2359 434 2424 rationis
457 2357 551 2443 Magis
582 2373 684 2423 autem
707 2372 753 2422 est
787 2359 946 2442 proprium
984 2378 1030 2422 ra

117 2445 207 2512 tinnis
229 2447 342 2532 quotl
335 2467 399 2548 rpsa
422 2447 454 2511 in
476 2467 510 2512 se
532 2446 624 2512 babet
653 2467 745 2531 quam
783 2446 937 2532 quodie
970 2447 1030 2512 alio

117 2533 196 2600 leeit.
219 2534 326 2600 Cum
319 2537 411 2619 igitur
433 2536 551 2602 bonum
573 2535 699 2600 moralis
721 2535 852 2600 virtutis·
870 2535 908 2600 sit
932 2537 1029 2620 quotl-

116 2624 186 2688 dam
210 2644 227 2688 a
251 2625 368 2688 ratione
392 2625 422 2688 in
445 2625 537 2690 rebus
561 2625 627 2690 aliis
651 2645 668 2690 e
692 2644 725 2689 se
759 2623 942 2700 institutum,
965 2645 1029 2690 non

114 2714 224 2796 poterit
247 2731 321 2778 esse
340 2714 492 2798 optimum
518 2714 662 2792 bominis,
693 2712 777 2799 quod
811 2726 858 2778 est
891 2672 1029 2790 selieitas3

117 2801 170 2866 sed
185 2802 283 2886 magis
298 2801 414 2866 bonnm
430 2801 514 2887 quod
530 2815 576 2866 est
591 2803 623 2866 in
640 2803 705 2888 ipsa
722 2801 840 2867 ratione
856 2801 949 2868 situm
965 2803 1028 2888 (l).

183 2889 267 2968 bern,
290 2887 457 2955 Ostentum
480 2903 525 2954 est
548 2910 640 2976 snpra
662 2891 720 2975 (e.
760 2890 826 2976 tu)
852 2890 935 2976 quod
960 2890 1030 2956 linis

116 2980 255 3044 omniurn
278 2999 383 3044 rerum
407 2979 532 3044 ultimus
561 2992 607 3042 est
645 2978 805 3044 assimilari
841 2979 880 3044 ad
917 2980 1029 3046 Deum.

116 3067 190 3132 lllud
214 3069 306 3152 igitur
328 3069 499 3133 seeundum
523 3065 606 3153 qnod
630 3067 725 3136 bomo
748 3066 882 3132 maxime
911 3069 1028 3136 assimi-

113 3156 191 3220 latur
214 3156 280 3222 Deo
304 3157 361 3222 erit
383 3155 454 3242 ejus
473 3155 610 3221 lelieites.
635 3155 699 3220 Hoc
737 3169 841 3226 antem
879 3176 941 3223 nnn
980 3172 1025 3222 est

112 3245 280 3310 seeundum
303 3257 388 3312 aetus
411 3243 554 3346 morales,
579 3263 650 3308 euru
675 3243 749 3309 tales
774 3259 858 3312 aetus
889 3245 955 3313 Deo
979 3261 1024 3313 at

111 3334 199 3399 tribui
223 3337 418 3420 nonpossint
441 3333 498 3398 nisi
521 3333 743 3420 metaphorice
765 3352 830 3398 nun
850 3336 938 3402 enim
954 3336 1021 3402 Deo

109 3423 252 3494 eonvenit
272 3423 387 3489 babere
422 3421 581 3510 passiones
617 3421 664 3487 vel
703 3421 811 3508 alique
841 3416 1022 3510 hujusmodi

155 3525 197 3600 (l)
208 3527 317 3601 Supple:
333 3528 433 3585 Poterit
449 3545 503 3584 esre
521 3527 649 3598 optimum
667 3529 787 3582 bominis.
