2494 3970
172 233 193 298 8
460 255 514 298 tra.
540 256 581 299 tn.
606 253 669 301 etr.
694 257 712 300 ι.
736 255 771 300 rr
795 230 825 300 n.

236 323 341 389 Tertio
365 341 436 389 uero
448 323 541 410 ipsius
556 326 736 392 universalis
760 324 915 410 regiminis
931 322 1083 387 rationem

170 415 313 497 assignat,
335 415 406 499 quia
430 433 554 478 necesse
577 428 623 480 εει
646 429 678 480 ut
701 435 737 479 ea
760 435 838 500 quae
862 434 878 478 a
908 410 975 476 Deo
1012 418 1084 475 sunt

169 503 292 568 condita
314 502 354 568 ab
376 502 443 588 ipso
465 501 557 567 etiam
581 517 737 588 regantur:
759 517 789 568 et
828 505 886 568 hoc
921 514 967 564 est
1000 498 1083 586 quod

170 593 253 657 dicit:
279 592 432 671 Quoniam
454 592 553 676 ipsios
576 605 622 657 εει
643 613 741 671 more,
764 605 819 658 ate.

237 681 414 764 Quiacrgo,
426 681 456 744 in
469 681 570 767 primo
582 681 671 762 libro,
684 683 723 748 de
741 681 928 769 perfectione
963 677 1084 743 diuinae

170 783 297 835 tretonae
336 770 489 856 prosecuti
526 791 643 848 sumna,
680 772 712 836 in
749 771 885 837 secundo
920 780 1022 833 autem
1046 766 1085 830 de

171 858 359 946 perfectione
383 859 540 944 potestatis
569 860 675 946 ipsius,
709 861 880 925 secundum
915 855 999 944 quod
1040 867 1087 919 εει

170 949 310 1012 omnium
334 967 438 1012 rerum
462 949 629 1033 productor
651 963 682 1015 et
705 950 860 1028 dominus,
877 959 971 1014 restat
994 945 1086 1029 igitur

171 1040 201 1101 in
226 1038 285 1102 froc
308 1037 397 1101 tertio
420 1036 508 1115 libro,
532 1041 676 1124 prosequi
701 1039 739 1103 de
756 1038 889 1125 perfecta
906 1035 1086 1102 auctoritate

171 1127 235 1190 sive
258 1126 405 1210 dignitate
429 1126 535 1213 ipsine,
558 1128 730 1193 secundum
754 1128 837 1214 quod
868 1140 913 1192 est
947 1122 1089 1189 omnium

172 1236 276 1280 rerum
300 1215 370 1278 finis
393 1227 422 1278 et
445 1231 555 1281 rector.
581 1217 643 1282 Erit
668 1237 743 1300 ergo
767 1220 825 1282 hoc
848 1215 958 1282 ordine
981 1231 1090 1299 proce·

173 1304 310 1368 dendum
335 1317 367 1368 ut
393 1304 491 1390 primo
515 1318 622 1389 agatur
645 1306 684 1372 de
709 1307 788 1391 ipso,
811 1304 983 1371 secundum
1007 1299 1091 1385 qnod

172 1408 218 1458 est
259 1413 361 1458 rerurn
398 1394 538 1458 omnium
578 1396 658 1473 finis3
692 1395 840 1470 secundo,
878 1394 916 1459 de
939 1389 1095 1475 regimine

174 1482 337 1547 uniuersali
352 1481 458 1568 ipsius,
470 1484 640 1549 secundum
658 1485 741 1572 quod
776 1504 902 1550 omnem
919 1492 1092 1547 creaturam

174 1573 336 1656 gubernat:
360 1571 460 1650 tertio,
483 1571 522 1636 de
545 1573 669 1660 speciali
695 1575 791 1660 ipsius
815 1572 976 1657 regimine,
1002 1579 1093 1654 prout

174 1662 326 1746 gubernat
350 1675 505 1725 creaturas
529 1663 716 1728 intellectum
741 1662 899 1728 habentes.

508 1837 695 1903 CAPUT
736 1841 770 1906 ΙΙ.

309 2016 399 2096 Qrtod
421 2035 509 2079 omno
531 2036 625 2103 opens
648 2025 850 2104 upitpropter
861 2022 961 2108 prtem.

243 2193 476 2261 Ostendcndum
500 2207 544 2260 est
566 2195 866 2284 igiturprimoqnod
882 2219 975 2264 omne
1002 2217 1097 2282 agens

176 2287 206 2350 in
231 2284 352 2370 agendo
378 2282 509 2348 intendit
531 2283 666 2372 aliquem
691 2285 796 2351 finem.

246 2377 276 2440 fn
294 2375 341 2438 his
358 2374 441 2438 enirn
458 2393 538 2458 quae
554 2374 716 2440 manifeste
730 2389 854 2462 propter
871 2377 965 2442 frnem
991 2389 1098 2461 agunt,

178 2466 237 2529 hoc
260 2463 391 2528 dicimus
414 2481 481 2526 esse
505 2461 598 2527 finem
639 2464 669 2528 in
708 2465 792 2550 quod
830 2465 926 2530 tendit
964 2467 1098 2552 impetus

179 2554 307 2637 agentia
331 2553 389 2616 hoc
412 2553 495 2616 enim
519 2551 691 2638 adipiscens
715 2554 827 2620 dieitur
849 2555 973 2642 adipisci
991 2555 1098 2631 finem,

178 2643 324 2708 deficiens
362 2653 464 2706 antem
504 2639 615 2705 dieitur
653 2642 787 2708 deficere
826 2664 842 2707 a
881 2643 942 2708 fine
967 2644 1096 2719 intento,

178 2735 256 2798 sicut
273 2744 354 2818 patet
369 2733 400 2796 in
419 2729 543 2794 medico
559 2743 669 2814 agente
683 2732 721 2796 ad
738 2732 900 2798 sanitatem
915 2749 945 2800 ει
969 2733 1097 2798 homine

87 2863 95 2879 ·
179 2835 322 2887 currente
344 2819 381 2885 ad
406 2832 523 2884 certum
547 2819 726 2898 terminum;
751 2842 807 2887 nec
823 2820 933 2900 differt,
947 2834 1098 2907 quantum

180 2911 217 2974 ad
242 2911 311 2989 froc,
335 2923 437 2976 utrum
462 2904 545 2993 quod
560 2907 658 2972 tendit
673 2909 704 2973 in
725 2908 820 2976 finem
855 2911 893 2976 sit
908 2930 1099 2996 cognoscens

181 3001 229 3064 nef
263 3021 336 3078 non;
374 2999 451 3063 sicut
491 2997 574 3060 enim
614 2997 736 3082 signum
776 3013 822 3064 εει
860 2999 930 3064 finis
954 3001 1100 3082 sagittan-

182 3091 229 3166 tis,
251 3091 291 3152 ita
314 3103 360 3154 εει
384 3087 453 3152 finis
477 3099 578 3150 motus
601 3088 740 3171 sagittae.
764 3087 875 3154 Omnis
888 3101 990 3152 autem
1006 3107 1101 3171 agen·

182 3182 219 3242 tis
242 3180 376 3265 impetus
399 3177 437 3240 ad
462 3174 577 3261 aliquid
602 3189 720 3243 certum
745 3178 851 3254 tendit3
876 3196 938 3240 non
962 3177 1046 3240 enim
1063 3195 1101 3240 ex

181 3287 378 3355 quacumque
415 3266 527 3330 virtute
564 3267 690 3351 quaevis
728 3267 807 3332 actio
832 3265 979 3351 procedit,
1003 3265 1100 3330 seda

181 3357 283 3422 calore
299 3356 424 3443 quidem
436 3352 604 3432 calefactio,
620 3376 637 3419 a
652 3353 765 3440 frigore
781 3368 884 3420 autem
902 3353 1100 3439 infrigidatim

183 3449 265 3514 unde
289 3462 319 3513 et
342 3447 486 3520 actiones,
510 3443 681 3508 secundum
699 3443 906 3509 diversitatem
919 3446 1101 3520 activorum,

183 3540 285 3625 specie
324 3535 477 3606 differunt.
516 3533 600 3598 Actio
639 3552 712 3598 uero
751 3533 938 3620 quandoque
973 3531 1101 3619 quidem
