2494 3970
2 290 4 298 ,
450 259 505 303 nra.
529 259 571 302 nr.
594 255 658 300 cta.
684 257 713 300 n.
1014 239 1035 305 9

2 311 3 345 l
118 327 300 394 terminatur
323 329 362 394 ad
386 326 512 415 aliquod
535 327 662 403 lactum,
685 326 763 390 sicut
789 323 960 391 aedificatio
996 330 1035 395 ad
1115 357 1118 362 ·

117 421 245 486 domum
269 431 299 483 et
321 419 439 484 sanatio
461 417 500 482 ud
523 416 696 491 sanitatem,
719 415 905 502 quandoque
932 431 1035 484 autent

116 531 192 586 non,
216 510 295 576 siout
318 507 492 593 intelligere
514 521 545 572 et
567 505 691 579 sentire
706 517 736 567 et
758 505 782 568 sl
807 503 932 589 quidem
957 509 1036 573 actio

117 602 300 666 terminatur
324 597 362 663 ad
386 595 510 683 aliquod
533 595 660 671 iactum,
683 595 817 678 impetus
840 596 958 679 agentis
982 619 1037 683 per

116 692 269 756 actionem
293 686 390 753 tendit
412 688 443 751 in
466 685 542 751 illud
565 683 692 761 lactum3
715 682 740 746 si
765 696 868 747 autern
891 703 954 749 non
978 701 1036 751 ter-

116 781 252 845 minatur
275 775 313 842 ad
338 775 462 862 aliquod
487 774 612 852 lactum,
636 773 769 860 impetus
793 775 912 856 agentis
940 776 1037 840 tendit

117 872 149 934 in
173 870 270 956 ipsam
294 867 458 932 actionem.
484 863 613 951 Oportet
636 863 728 946 igitur
740 862 823 946 quod
836 883 930 928 omne
943 883 1037 949 agens

117 961 148 1023 in
173 956 293 1043 agendo
316 955 453 1020 intendat
476 953 580 1030 linem,
603 951 790 1038 quandoque
802 952 928 1036 quidem
945 954 1037 1019 actio-

120 1069 192 1113 nem
209 1048 317 1129 ipsam,
331 1043 517 1131 quandoque
529 1038 646 1128 aliquid
671 1041 893 1124 peractionem
910 1041 1034 1108 lactum.

113 1201 119 1210 ,
188 1135 305 1213 Adbuc,
330 1134 361 1198 ln
386 1133 530 1199 omnibus
569 1130 730 1214 agentibus
769 1144 895 1217 propter
932 1133 1037 1208 finem,

121 1225 181 1291 hoc
204 1245 271 1290 csse
295 1223 436 1289 ultimum
461 1220 554 1286 finem
578 1220 709 1284 dicimus
732 1217 811 1284 ultra
835 1221 918 1306 quod
942 1241 1037 1306 agens

121 1337 183 1379 non
207 1313 326 1400 quaerit
349 1309 474 1396 aliquid;
497 1311 576 1376 sicut
598 1309 676 1373 actio
708 1309 820 1374 medici
855 1326 901 1376 est
939 1331 1036 1397 usque

120 1404 159 1468 ad
181 1404 355 1472 sanitatem,
379 1419 414 1466 ea
438 1419 513 1464 vero
536 1411 714 1474 consecuta,
738 1419 800 1463 non
828 1413 958 1465 conatur
996 1399 1036 1464 ad

121 1492 235 1578 aliquid
259 1491 400 1558 ulterius.
425 1487 486 1553 Sed
503 1489 533 1552 in
548 1486 668 1552 actione
684 1485 847 1570 cujuslibet
860 1491 978 1574 agentis
991 1501 1038 1553 est

122 1583 225 1646 venire
249 1581 288 1646 ad
311 1578 426 1666 aliquid
450 1579 530 1643 ultra
564 1575 648 1663 quod
686 1593 781 1659 agens
820 1599 883 1643 non
917 1577 1038 1664 quaerit

121 1671 252 1755 aliquid:
270 1670 345 1734 alias
369 1665 417 1750 (l)
443 1667 525 1732 enim
550 1665 685 1730 actiones
712 1666 743 1730 in
781 1665 934 1732 infinitum
970 1681 1035 1732 ten·

122 1761 240 1835 derent;
264 1758 347 1845 quod
370 1757 496 1843 quidem
519 1769 564 1820 est
587 1754 786 1840 impossibile,
810 1757 892 1842 quia,
909 1777 979 1824 curn
994 1757 1041 1822 in-

123 1849 205 1913 linita
230 1869 292 1912 non
315 1849 354 1912 sit
377 1845 574 1933 pertransire,
598 1861 693 1924 agens
717 1864 809 1926 agere
833 1867 896 1911 non
924 1848 1040 1933 incipe·

123 1950 179 2012 ret3
202 1937 278 2002 nibil
301 1937 384 2001 enirn
423 1949 564 2000 moretur
598 1933 690 1998 adid
714 1933 859 2020 adquod
898 1937 1040 2024 impossi-

123 2027 185 2092 bile
223 2041 268 2092 cst
289 2025 467 2111 ¹pervenire
502 2025 563 2112 (ἓ).
602 2019 704 2086 Omne
742 2023 834 2108 igitur
860 2045 954 2110 agens
978 2026 1041 2110 agit

122 2129 248 2203 propter
270 2115 375 2180 finem.
684 2133 685 2136 ’

190 2205 337 2291 Amplius,
359 2204 392 2269 Si
416 2205 552 2269 actiones
575 2201 695 2287 agentis
719 2202 889 2288 procedant
912 2205 942 2270 in
971 2203 1041 2269 infi-

122 2295 232 2367 nitum,
256 2307 377 2380 oportet
400 2292 483 2380 quod
507 2293 556 2358 vel
577 2313 614 2356 ex
638 2292 702 2356 istis
726 2291 898 2357 actionibus
930 2313 1039 2378 sequa·

123 2397 172 2448 tur
195 2382 320 2468 aliquod
344 2382 470 2454 lactum,
494 2383 541 2446 vel
566 2403 638 2447 non.
674 2379 706 2443 Si
745 2380 871 2466 quidem
896 2395 1042 2469 sequatur

123 2471 249 2558 aliquod
274 2471 397 2550 lactum,
421 2490 488 2536 esse
512 2472 593 2536 illius
616 2469 686 2535 lacti
703 2481 850 2553 sequetur
889 2484 957 2556 post
973 2471 1042 2536 inli-

122 2563 202 2625 nitas
226 2562 373 2639 actiones3
402 2561 484 2648 quod
508 2575 611 2626 autem
638 2559 806 2645 praeeligit
834 2559 962 2640 infinite,
986 2561 1042 2626 im·

124 2649 269 2736 possibile
303 2663 349 2714 est
382 2671 459 2726 essa,
486 2670 556 2714 cum
590 2669 653 2714 non
688 2648 726 2712 sit
764 2646 881 2713 infinita
906 2664 1044 2736 pertran-

127 2739 199 2814 sire,
222 2738 305 2825 quod
329 2752 430 2804 autem
454 2738 643 2824 impossibile
666 2750 712 2801 est
750 2757 817 2802 esse
854 2738 1045 2825 impossibile

124 2839 171 2890 est
194 2827 271 2905 lieri,
295 2841 325 2892 ct
348 2829 431 2914 quod
449 2842 494 2892 est
517 2826 708 2914 impossibile
731 2825 797 2891 fieri
832 2840 878 2891 est
901 2829 1043 2913 impossi-

125 2914 309 2982 bilelaoere:
334 2915 521 3004 impossibile
537 2914 780 3002 estigiturquod
805 2935 900 2999 agens
923 2916 1046 3003 incipiat

124 3003 224 3070 lacere
248 3005 372 3093 aliquod
395 3004 508 3070 lactum
532 3004 571 3069 ad
595 3005 679 3090 quod
696 3004 935 3090 praeexiguntur
951 3006 1046 3070 actio-

123 3113 178 3158 nes
192 3094 338 3160 infinitae.
363 3093 394 3157 Si
408 3107 510 3159 autern
528 3113 564 3158 ea
577 3094 635 3158 illis
648 3092 818 3158 actionibus
830 3111 892 3157 non
909 3095 1047 3180 sequitur

124 3182 250 3270 aliquod
266 3183 390 3259 lactum,
403 3194 524 3270 oportet
547 3183 688 3246 ordinem
701 3180 878 3266 hujusmodi
891 3184 1046 3249 actionum

176 3339 215 3400 (tt
234 3341 323 3404 Alica,
343 3341 440 3396 scilicet
458 3341 547 3394 aliter.

177 3411 217 3478 (b)
235 3412 262 3464 si
281 3415 350 3465 enirn
368 3413 510 3484 aliquando
524 3413 557 3464 ad
575 3410 745 3481 impossibilia
765 3410 908 3464 humanum
928 3418 1049 3464 movetur

124 3484 294 3550 desidorium,
315 3485 361 3536 hoc
382 3485 473 3537 accidit
492 3485 553 3554 quia
572 3499 621 3554 pro
640 3481 808 3554 possibilibus
827 3481 891 3536 falso
909 3482 1048 3548 habentur3

123 3563 152 3606 et
175 3557 211 3607 sic
229 3561 281 3608 stat
300 3557 467 3626 principium.
761 3553 764 3562 ¹
