2462 3968
385 281 441 326 uta.
465 283 506 327 m.
529 283 592 328 car.
616 281 701 328 cxxv.
943 265 1008 331 ato

75 348 218 415 deficiat.
244 348 315 427 Sed,
337 351 508 416 secundum
532 351 612 416 banc
635 352 798 431 rationem,
814 353 918 418 omnia
931 373 1010 441 quae

76 437 341 525 circajnditidua
364 441 546 525 contingunt
569 440 780 527 providentiae
796 441 1012 528 subjacebunt,

76 529 157 592 sicut
184 541 220 592 ει
244 529 436 593 conservatio
460 550 570 595 eorum
596 531 626 595 in
651 549 730 608 esse3
753 531 824 616 quia
863 532 1010 616 singulari

78 615 218 701 alicujus
242 617 355 702 speciei
380 619 456 682 nihil
481 631 581 705 potest
605 619 744 684 accidere
767 620 852 703 quod
875 641 937 685 non
961 641 1009 686 re-

75 704 218 770 ducatur
242 706 345 791 aliquo
383 707 477 772 modo
509 708 547 774 ad
585 709 732 795 principia
768 709 848 774 illius
886 711 1008 794 speciei.

75 793 128 860 Sic
152 795 254 878 igitur
278 795 446 880 singularia
472 817 533 862 non
558 797 657 880 magis
691 796 851 882 subjacent
889 799 1010 864 divinae

75 883 311 969 providentiae,
335 899 484 970 quantum
510 886 548 951 ad
572 888 838 952 conservationem
877 889 908 952 in
943 907 1010 953 esse

75 981 187 1058 quam'
205 987 357 1059 quantum
382 974 420 1038 ad
445 975 513 1040 alia.

145 1061 327 1138 Praeterea,
353 1062 385 1126 ln
423 1064 653 1149 comparatione
692 1083 796 1129 rerum
836 1063 875 1128 ad
906 1063 1008 1152 ¹linem

77 1149 148 1214 talis
173 1150 256 1215 ordo
285 1164 411 1238 apparet
449 1153 532 1238 quod
566 1154 734 1218 accidentia
775 1167 846 1218 sunt
885 1169 1011 1240 propter

76 1238 282 1319 substantias,
307 1253 339 1304 ut
362 1261 416 1328 per
440 1261 475 1305 ea
515 1243 721 1327 perficiantur.
760 1241 794 1309 ln
831 1241 1009 1308 substantiis

76 1341 199 1406 antem,
223 1329 351 1394 materia
375 1343 420 1394 εει
443 1343 568 1416 propter
592 1323 734 1409 lolmam3
751 1349 807 1416 per
829 1330 909 1395 hanc
925 1333 1009 1396 enim

76 1419 244 1506 participat
268 1419 403 1482 divinam
427 1419 608 1499 bonitatem,
638 1435 880 1506 propterquam
904 1421 1008 1485 omnia

76 1502 157 1571 lacta
183 1519 268 1581 sunt,
292 1521 439 1592 utsupra
463 1511 516 1592 (c.
543 1509 610 1595 ta)
634 1521 793 1590 ostensum
810 1521 865 1572 est.
889 1508 1008 1595 Exque

78 1608 163 1678 patet
189 1595 274 1681 quod
300 1596 492 1682 particularia
517 1611 586 1662 sunt
611 1609 737 1684 propter
774 1611 919 1661 naturam
942 1600 1008 1674 un't-

79 1683 250 1760 versalem;
273 1684 359 1770 cujus
383 1686 505 1770 siguum
530 1699 574 1751 est
598 1685 693 1772 quod,
716 1685 746 1750 in
770 1685 817 1750 bis
841 1685 872 1749 in
896 1686 1008 1771 quibus

78 1785 182 1854 potest
210 1787 320 1838 natura
345 1775 524 1840 uniuersalis
548 1777 725 1840 conservari
762 1794 818 1860 per
841 1793 938 1838 unum
961 1775 1008 1838 in·

78 1857 256 1940 dividuum,
276 1883 339 1927 non
364 1875 434 1928 sunt
458 1863 552 1928 multa
577 1864 733 1928 individua
769 1863 860 1928 unius
884 1865 1008 1949 speciei,

78 1947 156 2014 sicut
181 1963 267 2036 patet
290 1951 321 2015 in
344 1949 416 2016 luna
441 1965 470 2017 ει
493 1953 567 2018 εοΙε.
592 1952 669 2018 Cum
695 1967 797 2017 autem
817 1951 1007 2038 providentia

78 2037 115 2100 sit
139 2039 316 2104 ordinative
347 2040 522 2126 aliquorum
561 2043 591 2106 in
631 2041 737 2119 tinem,
775 2039 846 2105 idco
885 2055 1008 2127 oportet

78 2128 163 2210 quod
189 2129 229 2193 ad
260 2129 483 2216 providentiam
522 2132 695 2216 pertineant
733 2141 763 2194 ει
802 2129 879 2194 lines
917 2143 948 2194 ει
970 2151 1007 2195 ea

80 2233 163 2298 quae
189 2217 323 2282 suntad
350 2218 456 2284 linem.
491 2219 658 2303 subjacent
681 2239 756 2304 ergo
795 2216 1006 2304 providentiae

79 2320 143 2369 non
169 2305 272 2371 solum
297 2307 490 2385 universalia,
515 2309 685 2372 sedetiam
718 2306 894 2391 singularia.

147 2395 270 2473 Adbuc,
292 2395 374 2460 llaec
397 2411 442 2461 cst
466 2396 639 2462 differentia
670 2398 749 2461 inter
787 2395 1006 2482 speculativam

84 2485 296 2567 cognitionem
320 2495 350 2548 et
373 2487 537 2572 practicam
562 2486 644 2572 quod
668 2485 803 2570 cognitio
820 2484 1006 2572 speculativa

82 2581 112 2632 et
135 2591 172 2638 ea
197 2592 277 2657 quae
300 2572 338 2636 ad
362 2574 459 2661 ipsam
483 2575 635 2662 pertinent
660 2574 861 2661 perficiuntur
890 2573 921 2637 in
938 2575 1007 2638 uni·

32 2665 35 2672 '
81 2663 205 2739 cereali,
230 2681 266 2726 ea
298 2681 372 2727 veto
409 2683 489 2748 quae
529 2665 682 2750 pertinent
721 2663 759 2727 ad
798 2663 1006 2746 cognitionem

83 2751 248 2817 nraeticam
273 2751 473 2836 perficiuntur
496 2753 531 2814 in‘
551 2751 737 2838 particulari3
761 2771 832 2815 nam
857 2749 1007 2836 linisspe-

82 2836 231 2904 culativae
255 2852 300 2904 est
323 2840 445 2918 veritas,
470 2859 549 2926 quae
573 2843 672 2927 primo
697 2853 725 2904 ει
758 2859 813 2925 ρει
851 2859 884 2903 εε
908 2851 937 2902 ει
976 2841 1006 2902 in

81 2920 334 2994 immaterialibus
358 2930 495 2993 consistit
534 2943 564 2992 et
595 2931 624 2992 in
664 2926 898 3003 uniuersalibus
937 2926 1007 2991 finis

82 3030 154 3080 vero
179 3019 328 3103 practicae
352 3031 397 3080 est
420 3019 568 3103 operatio,
593 3037 674 3102 qtrae
714 3031 758 3080 est
796 3019 876 3080 circa
900 3016 1006 3100 singu-

83 3097 169 3181 laria;
193 3106 276 3171 unde
298 3106 437 3170 medicus
461 3127 524 3170 non
549 3120 636 3171 curat
675 3105 834 3169 bominem
872 3105 903 3168 in
939 3105 1006 3168 uni·

85 3193 203 3269 versali,
227 3195 281 3260 sed
307 3196 388 3260 bunc
421 3196 591 3273 bominem,
630 3207 660 3257 et
684 3195 722 3258 ad
761 3192 820 3257 boc
858 3205 904 3257 εει
942 3205 1004 3257 tota

85 3279 208 3348 seientia
232 3283 405 3348 medicinae
430 3284 579 3349 ordinata.
619 3283 743 3348 Constat
781 3293 882 3346 antem
920 3281 1005 3367 quod

88 3371 277 3450 providentia
301 3373 339 3437 ad
364 3375 526 3460 practicam
551 3373 759 3458 coguitionem
776 3371 917 3457 pertinet,
933 3391 1004 3437 cum

87 3456 123 3519 sit
146 3460 316 3526 ordinative
339 3481 443 3526 rerum
469 3463 499 3526 in
521 3462 627 3527 finem.
652 3461 735 3525 Esset
774 3459 865 3543 igitur
888 3460 1004 3548 imper-

88 3539 163 3610 lecta
186 3548 242 3614 Dei
267 3549 468 3636 providentia,
491 3550 515 3615 si
539 3548 806 3616 inuniversalibus
823 3551 1005 3617 consisteret

89 3644 117 3696 et
133 3653 228 3725 usque
251 3639 290 3704 ad
313 3639 478 3726 singularia
502 3659 565 3706 non
594 3639 782 3728 persentiret.
