2462 3968
285 245 341 290 tm.
366 222 407 289 rin
433 241 496 289 ern.
519 243 615 289 nxxrx.
642 240 677 284 nr
700 243 785 288 cxxx.
944 225 1004 292 931

73 313 268 398 inquantum
302 313 464 378 inferiores
497 313 621 398 spiritus
655 309 805 397 dirigunt,
842 315 929 398 quasi
965 316 1010 381 eis

72 401 307 480 annuntiand03
331 423 404 466 nam
431 402 539 486 Angeli
563 398 650 489 quasi
678 401 776 464 nuntii
813 399 957 470 dicuntur
979 416 1010 474 et

72 489 225 566 ministri,
263 492 446 577 inquantum
482 511 537 578 per
571 507 660 556 suam
695 489 907 576 operationem
937 513 1010 558 exe-

74 592 229 663 quuntur,
256 581 348 644 etiam
372 581 402 644 in
427 579 520 646 rebus
547 577 770 665 corporalibus,
794 579 916 645 divinae
939 603 1010 669 pro·

72 666 237 733 videmiae
265 669 418 749 ordinem
455 689 528 734 nam
553 668 694 732 minister
717 682 763 732 est
786 669 873 753 qua-si
898 669 1012 736 instru-

71 769 222 822 mentum
249 758 428 835 animatum,
452 758 624 824 secundum
642 755 868 844 Philosophum
886 758 1010 846 (tinto,

73 843 579 934 &c7mffimhelp

139 935 177 998 Et
201 935 326 1000 honest
349 937 432 1022 quod
457 935 576 1001 dicitnr.
604 934 664 1015 Qui
685 934 765 1018 sucis
788 934 923 1022 Anpelos
941 948 1010 1002 tune

71 1023 219 1177 pppiups,
244 1037 274 1090 et
288 1025 447 1092 ministros
467 1037 534 1091 tuos
555 1027 656 1110 iprum
690 1035 840 1102 urentem,
879 1025 1009 1107 Psalm,

143 1163 151 1192 ,
202 1164 210 1178 .

378 1289 552 1356 CAPUT
591 1288 709 1354 LXXX.

192 1465 241 1528 De
263 1466 459 1532 ordinatione
481 1465 669 1552 Anpelnsum
691 1464 734 1530 ud
756 1464 898 1529 inuicem.

147 1640 230 1706 Cum
255 1656 360 1707 autem
384 1641 556 1729 corporalia
580 1660 636 1726 per
658 1639 827 1727 spiritualia
851 1653 1009 1726 regantur,

78 1739 111 1792 ut
146 1746 315 1796 ostensum
352 1745 409 1804 est,
444 1729 651 1817 corporalium
687 1743 790 1794 antem
819 1729 858 1794 sit
880 1729 1007 1814 qnidam

79 1817 168 1898 ordo,
193 1833 316 1906 oportet
338 1820 421 1906 qnod
444 1819 603 1906 superiora
627 1838 757 1904 corpora
779 1837 835 1903 per
869 1819 1008 1906 superio-

53 1981 55 1984 ·
80 1923 131 1970 res
155 1909 379 1974 intellectuales
402 1909 590 1974 substantias
604 1915 762 1992 regantur,
775 1905 921 1973 inferiora
935 1928 1009 1972 vero

81 2014 138 2080 per
162 1997 338 2062 inferiores.
363 1997 443 2080 Quia
464 2017 548 2076 vero,
572 2009 686 2082 quanto
711 1995 811 2082 aliqua
840 1997 1009 2062 substantia

81 2097 127 2148 est
149 2087 305 2173 superior,
321 2099 405 2152 tanto
418 2088 514 2152 virtus
537 2085 603 2171 ejus
619 2101 665 2150 est
682 2083 897 2162 universalior,
914 2089 1010 2151 virtus

81 2191 156 2238 vero
182 2175 397 2240 intellectualis
420 2175 608 2240 substantiae
635 2186 681 2238 est
716 2173 916 2238 universalior
951 2176 1010 2238 vir-

83 2273 147 2326 tute
171 2265 323 2349 corporis,
347 2266 522 2352 superiores
546 2261 673 2350 quidem
697 2261 776 2326 inter
790 2262 1009 2328 intellectuales
1055 2343 1058 2351 ι

83 2349 272 2416 substantias
296 2353 411 2418 habent
434 2354 559 2418 virtutes
582 2372 645 2416 non
669 2351 863 2438 explicabiles
887 2351 1012 2437 perall-

84 2456 179 2522 quam
205 2443 349 2522 virtutem
372 2461 566 2528 corpoream,
590 2453 619 2504 et
642 2440 712 2504 ideo
746 2461 809 2504 non
833 2453 905 2506 sum
943 2461 1010 2506 cor-

85 2529 214 2610 poribus
238 2533 352 2606 unitae3
375 2531 536 2596 inferiores
560 2549 633 2594 vero
657 2529 772 2594 habent
795 2529 922 2595 virtutes
936 2551 1008 2616 par-

85 2615 225 2684 ticulatas
242 2620 436 2706 explicabiles
451 2640 505 2706 per
518 2618 620 2705 eliqua
633 2637 781 2704 corporea
794 2619 1009 2697 instrumenta,

87 2716 117 2766 ει
140 2707 213 2771 ideo
236 2722 362 2794 oportet
394 2709 479 2795 quod
516 2707 699 2794 corporibus
735 2707 890 2772 uniemur.
926 2707 1011 2773 Sient

87 2806 192 2860 autem
230 2799 403 2884 superiores
442 2797 521 2861 inter
558 2795 746 2862 substantias
788 2795 1010 2862 intellectuales

87 2897 158 2949 sunt
181 2886 409 2951 universalioris
438 2885 569 2963 virtutis,
593 2885 633 2948 ita
661 2885 754 2949 etiam
782 2895 812 2947 et
848 2883 1010 2970 perfectius

88 2969 225 3038 divinam
261 2975 494 3062 dispositionem
530 2973 568 3038 ab
607 2973 672 3058 ipso
707 2972 859 3057 recipiunt
896 2975 928 3037 in
953 2975 1012 3040 lroe

89 3061 183 3142 quod,
206 3063 355 3150 usquead
378 3063 554 3148 singularia,
579 3060 695 3126 ordinis
718 3063 869 3124 rationem
895 3081 1012 3144 cogno-

90 3165 177 3214 scunt
200 3171 255 3237 per
278 3154 337 3218 lroc
359 3153 442 3238 quod
475 3173 492 3216 a
516 3151 583 3215 Deo
617 3147 778 3234 occipiunt.
803 3147 885 3214 llaec
908 3164 1011 3214 autem

91 3232 210 3304 diuinae
248 3241 449 3307 ordinationis
486 3237 702 3316 manifestatio,
739 3236 883 3302 divinitus
923 3237 1012 3316 laeta,

92 3341 187 3412 usque
210 3329 248 3394 ad
273 3331 394 3396 ultimas
411 3328 662 3394 intellectualium
685 3325 925 3392 substantiarum
941 3347 1010 3413 pcr-

93 3411 189 3498 tingit5
213 3423 290 3485 sieut
312 3419 431 3485 dieitur:
455 3417 613 3502 Numquid
636 3426 682 3482 eet
703 3419 849 3480 uumerus
875 3416 1010 3482 rnilitum

95 3502 174 3584 eins?
197 3507 235 3572 Et
256 3528 350 3594 super
371 3528 460 3594 quent
482 3527 543 3572 non
570 3518 673 3592 surpet
690 3507 793 3571 lumen
815 3505 920 3570 illius?
942 3505 1012 3588 lob,
