2494 3970
202 225 242 290 i0
528 246 584 290 tto.
610 247 650 290 ιιι.
676 245 738 290 ιιι.
765 247 793 290 ιι.

196 334 264 379 εεεε
302 350 344 362 -
374 313 421 378 vel
443 315 615 380 secundum
656 315 798 386 ordinem
839 315 985 381 virtutum
1011 315 1122 381 activa-

195 424 276 480 rum‚
313 403 391 469 sicut
428 403 453 468 si
495 404 589 468 bomo
613 404 704 468 scutit
738 404 981 489 utimaginetut,
1015 406 1123 488 imagi-

195 507 285 558 natur
307 505 411 558 autem
435 506 467 557 ut
490 493 648 578 intelligat,
671 491 811 576 intelligit
840 505 943 558 autem
984 507 1016 558 ut
1049 494 1121 560 velit

194 617 238 629 —
277 581 324 646 vel
362 581 533 648 secundum
570 581 711 646 ordinem
753 581 956 668 objectorum,
984 585 1062 649 sicut
1095 585 1121 648 si

196 669 358 736 considero
373 691 485 758 corpus
498 684 531 736 ut
543 671 736 736 considerem
760 673 907 750 animam,
930 690 1024 757 quam
1047 691 1121 738 eon·

196 757 298 824 sidero
322 773 354 825 nt
376 759 570 826 considerem
594 759 794 826 substantiam
818 773 1002 847 separatam,
1026 782 1120 849 quam

195 849 356 914 considero
373 861 406 914 ut
430 849 623 914 considerem
647 849 760 922 Deum:
777 870 840 914 non
856 863 960 916 autem
977 865 1023 916 est
1049 871 1120 937 pos·

194 937 283 1002 sibile
318 936 487 1024 procedere
522 938 554 1002 in
588 937 741 1004 infinitum
781 959 881 1024 neque
904 938 936 1002 in
961 940 1121 1004 virtutibus

195 1026 310 1103 activis,
337 1027 414 1091 siout
445 1047 547 1112 neque
581 1027 612 1091 in
648 1026 753 1092 formis
777 1048 893 1106 tetum,
917 1041 950 1092 ut
973 1029 1120 1116 probatur
1149 1071 1156 1092 .

195 1113 590 1202 (Metapbys.,text.comm'.
611 1116 678 1200 to),
694 1115 793 1182 forma
817 1117 901 1182 enim
929 1130 975 1182 est
1008 1119 1119 1202 agendi

194 1203 391 1290 principium3
404 1225 504 1290 neque
517 1207 547 1270 in
564 1205 702 1290 objectis,
726 1207 803 1271 sicut
815 1225 916 1292 neque
933 1207 964 1270 iu
987 1207 1120 1285 entibus,

194 1313 266 1358 oum
278 1293 317 1357 sit
329 1313 424 1358 uuum
436 1313 491 1358 eus
505 1293 649 1381 primum,
663 1308 799 1381 utsupra
813 1295 976 1380 probatum
989 1306 1035 1362 est
1044 1296 1078 1383 (Ι.
1092 1297 1121 1374 1,

192 1401 218 1459 ε.
244 1381 311 1467 15).
333 1381 401 1448 Non
424 1395 470 1446 cst
494 1383 586 1467 igitur
609 1382 758 1469 possibile
787 1383 872 1470 quod
911 1385 1047 1450 actiones
1085 1385 1117 1450 iu

193 1469 347 1536 infinitum
372 1470 550 1558 procedant
575 1485 697 1560 oportet
719 1471 814 1556 igitur
837 1491 904 1538 esse
922 1473 1038 1559 aliquid
1054 1495 1116 1559 quo

193 1559 298 1624 habito
322 1574 448 1626 conatus
472 1562 591 1646 agentis
616 1561 763 1648 quiescat.
787 1559 890 1628 Omne
912 1561 1005 1648 igitur
1021 1582 1115 1648 agens

193 1650 255 1732 agit
279 1663 404 1736 ριοριει
430 1648 535 1714 tinem.
694 1647 701 1668 “

260 1737 345 1815 item,
371 1737 403 1800 ln
428 1737 476 1802 bis
500 1758 580 1824 quae
616 1751 712 1823 agunt
734 1751 860 1826 ριοριει
883 1737 988 1818 finem,
1011 1740 1115 1805 omnia

193 1825 375 1891 intermedia
400 1827 479 1891 inter
503 1828 639 1912 primum
664 1847 759 1911 agens
783 1842 813 1892 et
841 1827 984 1894 ultimum
1019 1829 1115 1894 finem

191 1926 263 1978 sunt
301 1913 377 1979 fines
416 1929 561 2000 respectu
602 1916 741 2002 ριίοιιιιιι
777 1930 806 1982 ει
845 1917 994 2004 principia
1018 1918 1116 1984 activa

192 2016 332 2088 respectu
356 2004 562 2088 sequentium.
587 2003 618 2068 Si
643 2005 736 2090 igitur
759 2018 887 2072 conatus
911 2007 1030 2091 agentis
1052 2027 1115 2072 non

191 2090 300 2157 estad
324 2091 439 2177 aliquid
475 2091 726 2168 determinatum,
761 2095 818 2160 sed
853 2095 988 2160 actiones
1022 2096 1116 2182 (sieut

191 2178 308 2245 dictum
322 2180 383 2268 est)
396 2180 569 2267 procedunt
592 2183 622 2246 in
642 2182 808 2262 infinitum,
821 2197 942 2270 oportet
965 2185 1114 2271 principia

190 2269 288 2334 activa
312 2269 343 2334 in
367 2270 522 2336 infinitum
547 2273 728 2358 procedere:
751 2272 836 2358 quod
851 2285 898 2336 est
913 2273 1113 2359 impossibile,

191 2370 224 2421 ut
257 2379 350 2445 supra
386 2373 544 2424 ostensum
579 2375 634 2426 est.
670 2361 808 2436 Necesse
834 2375 880 2425 εει
914 2362 1007 2446 igitur
1029 2365 1113 2450 quod

189 2459 318 2512 conatus
342 2449 465 2532 agentis
489 2449 527 2514 sit
550 2449 589 2514 ad
613 2449 729 2534 aliquid
752 2451 1002 2516 determinatum.

256 2534 375 2614 Adbuc,
399 2534 501 2601 Omne
525 2558 620 2624 agens
644 2539 693 2602 vel
715 2539 776 2622 agit
801 2557 857 2624 ρει
880 2552 1021 2604 naturam
1061 2540 1110 2604 vel

188 2642 244 2708 ρει
266 2624 468 2690 intellectum.
491 2626 538 2690 De
561 2626 723 2711 agentibus
737 2641 841 2692 autem
855 2646 910 2714 ρει
922 2627 1110 2693 intellectum
1135 2649 1137 2651 ·

131 2790 139 2796 ⁸
188 2733 250 2776 non
274 2727 320 2780 est
343 2713 472 2779 dubium
510 2715 584 2800 quin
610 2728 703 2799 agant
726 2729 852 2802 ριοριει
875 2713 981 2794 finem3
1015 2732 1112 2800 agunt

186 2801 270 2866 enim
310 2803 596 2890 praeconcipientes
636 2805 666 2868 in
704 2804 859 2870 intellectu
895 2804 925 2869 id
948 2804 1032 2892 quod
1056 2826 1111 2893 ρει

185 2891 339 2958 actionem
364 2905 609 2976 consequuntur,
633 2906 723 2958 etex
747 2893 798 2959 tali
832 2895 1110 2981 praeconceptione

153 3026 155 3043 .
185 2995 289 3062 agone
314 2981 374 3046 hoo
397 2982 481 3044 enim
506 2993 552 3046 est
576 3001 670 3066 agere
693 3003 748 3068 ρει
786 2983 986 3048 intellectum.
1025 2983 1110 3048 Sicut

184 3083 288 3132 autem
312 3069 343 3134 in
365 3069 522 3134 intellectu
546 3072 815 3157 praeconcipientc
841 3073 942 3136 existit
966 3083 1028 3136 tota
1067 3075 1109 3136 si·
1203 3103 1210 3112 ·

185 3156 327 3221 militudo
350 3157 487 3236 effectus,
510 3158 549 3222 ad
567 3180 659 3246 quam
677 3181 732 3246 ρει
749 3162 884 3226 actiones
906 3159 1108 3244 intelligentis

184 3247 371 3330 pervcnitur,
386 3247 426 3312 itu
439 3247 471 3311 in
484 3261 594 3332 agente
607 3249 738 3316 naturali
752 3250 927 3335 praeexistit
940 3248 1108 3315 similitudo

185 3333 333 3399 naturalis
367 3335 503 3416 effectus,
527 3357 563 3403 ex
587 3358 647 3425 qna
666 3338 744 3402 actio
784 3338 822 3402 ad
856 3339 938 3402 bunc
965 3337 1108 3404 effectum

185 3422 422 3501 determinatum
446 3444 518 3489 nam
544 3427 623 3510 ignis
647 3439 773 3510 generat
788 3426 1028 3510 ignemetoliva
1053 3428 1109 3491 oli-

182 3531 251 3574 vam
276 3513 337 3596 (1).
360 3512 443 3578 Sicut
469 3513 561 3598 igitur
586 3534 680 3598 agens
703 3533 759 3600 ρει
783 3515 974 3580 intellectum
1011 3519 1107 3582 tendit

240 3617 280 3688 (t)
298 3618 368 3673 Hace
383 3621 504 3690 ‘exempla
523 3620 704 3672 demonstrant
723 3619 771 3674 boc
789 3621 957 3694 principium,
974 3637 1051 3694 saepe
1081 3624 1108 3676 in
