2516 3968
327 263 384 309 nn.
408 262 449 308 nr.
474 261 536 311 etr.
560 265 675 311 cxxxix.
701 265 737 310 er
760 251 824 311 cxc.
960 243 1024 312 tun

172 333 348 400 dstantem
379 333 447 398 'hoc
485 332 565 399 inter
602 331 799 422 peccatorum
837 332 1023 400 differentias

102 421 327 490 attendendum
351 419 434 508 quod
446 422 603 506 quoddam
616 437 661 489 est
678 421 808 488 mortale
824 434 855 487 et
865 422 1023 508 quoddam

103 511 235 578 reniale.
259 509 386 576 llortale
409 524 512 576 cutem
536 525 581 578 eet
604 512 688 598 qnod
704 511 840 576 animam
874 511 1024 596 spirituali

103 601 166 666 rita
188 601 296 686 primu
318 597 406 684 enjus
422 599 547 684 quidem
572 602 651 666 ritae
674 600 751 665 ratio
774 619 811 664 ex
834 597 956 664 dnobus
972 621 1024 665 sn-

104 691 149 754 rrti
173 701 272 774 potent
293 685 465 754 secundnm
502 689 734 755 similitudinem
758 689 838 754 vitoe
866 688 1025 754 naturalis.
1117 733 1119 738 -

103 778 186 844 Vivit
206 779 289 842 enim
312 796 424 863 eorpus
447 777 627 842 naturaliter
649 798 704 864 per
726 778 786 844 hoc
805 776 889 864 qnod
904 778 1027 842 animae

105 868 222 944 unitur,
245 885 324 952 quae
347 878 393 931 est
415 865 442 929 ei
468 867 651 953 principium
675 866 765 945 vitam
786 885 898 952 corpus
921 881 1024 931 cutem

105 956 294 1020 vivificatum
318 973 374 1042 per
402 953 537 1020 enimam
572 975 608 1020 ex
642 956 744 1042 seipso
782 968 933 1033 movetur,
970 953 1026 1022 sed

107 1065 220 1130 corpus
243 1042 472 1108 manuumve!
494 1042 653 1109 immobile
676 1057 780 1110 manet
815 1043 863 1108 vel
901 1043 940 1110 ab
974 1063 1026 1110 cx·

107 1134 213 1198 teriori
236 1146 354 1198 tantum
377 1145 529 1198 movetur.
557 1132 608 1198 Sic
632 1132 726 1217 igitur
748 1145 780 1198 et
803 1132 943 1198 voluntas
972 1135 1026 1198 lto·

107 1223 212 1300 minis,
233 1241 305 1286 uum
345 1239 401 1306 per
433 1234 549 1286 rectum
586 1221 790 1286 intentionem
828 1221 939 1286 ultimo
974 1221 1028 1286 sani

106 1310 313 1396 conjungitur,
335 1308 419 1397 quod
442 1323 489 1376 est
521 1309 588 1395 ejur
625 1309 779 1396 objectum
813 1323 844 1374 et
877 1309 1027 1396 quodam-

106 1401 201 1465 modo
225 1400 335 1476 lorum,
357 1397 423 1462 riva
448 1415 505 1476 est3
528 1412 571 1475 et,
585 1419 657 1465 cunr
682 1397 947 1485 perdilectionem
959 1397 1027 1464 Deo

107 1500 138 1553 et
161 1487 301 1576 proximo
325 1486 474 1566 inhaeret,
497 1507 535 1552 ex
558 1488 698 1554 interiori
722 1488 873 1575 principio
886 1501 1027 1554 movetur

107 1576 148 1644 od
170 1575 336 1661 agendum.
360 1575 453 1641 Recta
475 1589 579 1642 antem
613 1576 786 1642 intentione
820 1576 919 1642 ultimi
958 1575 1028 1642 finis

107 1679 139 1731 et
161 1664 324 1730 dilectione
346 1678 476 1742 remota,
511 1663 546 1731 lit
578 1666 682 1730 anima
719 1664 802 1730 velut
837 1679 958 1732 mortua
996 1677 1027 1730 et

107 1773 171 1821 non
195 1766 337 1819 moretur
359 1773 396 1818 ex
419 1753 518 1839 seipso
542 1753 582 1819 ad
604 1752 760 1840 agendum
785 1767 878 1833 recta;
900 1753 955 1820 sed
979 1754 1028 1818 rel

109 1843 237 1909 omnino
260 1841 300 1908 ab
323 1843 367 1908 eia
390 1841 517 1926 agendis
540 1842 669 1922 desistit,
691 1842 791 1908 velud
813 1861 849 1908 ea
873 1841 1028 1928 agendum

109 1931 211 1998 tolum
233 1931 273 1998 ab
295 1930 437 1996 exteriori
461 1929 626 2012 inducitur,
652 1931 768 1998 scilicet
790 1945 875 1998 metu
913 1949 1028 2019 poena·

108 2041 190 2087 rum.
225 2019 449 2105 Quaecumque
471 2021 564 2104 igitur
584 2034 708 2108 peccato
731 2021 892 2086 intentioni
931 2020 1029 2085 ultimi

109 2109 180 2176 linis
203 2121 234 2174 et
256 2108 411 2174 dilectioni
436 2124 636 2195 opponuntur
658 2108 799 2174 mortalia
814 2123 896 2188 annu
918 2109 944 2174 si
958 2128 1034 2174 vcro

110 2198 159 2264 liis
181 2197 283 2274 salvia,
305 2197 415 2284 aliquis
443 2196 473 2261 in
498 2197 602 2283 aliquo
639 2210 725 2264 recto
759 2196 869 2262 ordine
904 2197 1034 2262 rationis

109 2285 327 2366 deliciatum
350 2285 409 2352 erit
446 2289 579 2352 mortale
603 2300 775 2374 peccatum,
797 2286 853 2352 sed
875 2286 1005 2352 reniale.

420 2461 590 2531 CAPUT
629 2461 715 2530 CXL.

142 2679 145 2686 »
168 2639 258 2740 Quod
269 2652 357 2710 octus
369 2640 501 2708 moena
521 2640 698 2794 pssttaatnr
721 2650 751 2705 et
768 2642 988 2725 praemiantur

506 2751 528 2796 n
581 2749 627 2794 eo.

178 2907 220 2974 Ex
242 2907 417 2996 praemissit
438 2920 542 2974 autem
566 2903 769 2972 manifestum
793 2904 943 2990 estquod
982 2926 1043 2972 ccv
1128 2983 1131 2993 y

15 3007 16 3012 ’
111 3009 160 3064 tus
184 2996 316 3064 hominis
339 2998 509 3085 puniuntur
531 2996 580 3064 rel
602 2994 812 3082 praeminatur
836 3015 855 3072 a·
876 2993 953 3060 Deo.

178 3086 248 3172 Ejus
271 3087 354 3154 enim
377 3099 422 3152 est
446 3085 557 3175 punire
580 3083 629 3149 vel
665 3084 841 3170 praemiare
874 3084 964 3168 cujus
986 3096 1034 3149 eat

110 3176 211 3261 legero
235 3176 406 3265 imponere;
428 3175 504 3260 legis
526 3174 609 3240 enim
632 3171 747 3238 latores
783 3191 839 3258 per
862 3173 978 3259 premio
1002 3185 1034 3236 et

109 3283 225 3351 poenus
248 3264 474 3332 observantium
499 3263 576 3350 legis
598 3261 758 3326 inducunt.
781 3260 844 3326 Sed
883 3259 922 3325 ad
959 3259 1036 3326 divi-

103 3373 181 3420 nam
206 3353 429 3440 providentiam
467 3355 601 3439 pertinet
634 3363 668 3414 nt
706 3349 808 3434 legem
853 3349 1033 3416 hominibus

152 3456 215 3521 nat,
236 3455 270 3508 nt
292 3461 329 3508 cx
351 3461 388 3508 eu
411 3461 444 3506 ra
467 3441 555 3506 dictis
576 3441 631 3528 (c.
657 3437 721 3504 lll
741 3440 756 3524 )
779 3450 871 3526 petet.
894 3438 974 3524 Ergo
995 3438 1033 3503 ed

140 3550 210 3598 eum
233 3531 366 3631 pertinet
386 3463 530 3600 leminea
552 3529 664 3620 punire
688 3525 738 3595 rel
760 3525 944 3616 praemiare.
