2494 3970
367 270 422 316 ιιι.
446 271 487 316 ur.
511 271 575 316 aar.
599 270 660 314 rm.
684 267 720 314 ar
742 269 781 314 rx.
998 249 1042 318 25

121 361 196 408 num
218 351 250 407 et
272 338 389 406 malum
412 340 556 406 dicuntur
578 360 645 406 esse
668 337 833 406 contraria.
858 335 971 404 llalum
985 339 1042 424 igi-

121 446 172 497 tur
193 443 239 496 est
261 443 369 495 natura
393 430 505 517 aliqua.

188 520 276 596 ltem,
297 519 421 584 Bonum
444 532 475 584 et
513 519 629 584 malum
654 516 800 583 dicuntur
822 535 892 582 esse
927 537 1041 602 genera

117 605 346 674 contrariorum
370 608 409 673 ab
433 607 593 674 Aristotele
616 607 704 690 (Post
728 606 927 691 praedicam„
964 627 990 672 a.
1010 609 1039 682 l,

119 699 153 762 in
178 698 287 782 coloe).
310 694 481 781 Cujoslibet
502 710 606 763 autem
631 695 753 782 generis
775 709 820 760 est
844 695 975 760 essentia
1013 709 1043 760 et

119 799 231 853 natura
255 785 368 872 aliqum
392 807 464 852 nam
489 807 551 851 non
568 787 647 851 entis
670 805 732 850 uon
755 799 824 850 sunt
849 784 968 869 speeies
991 805 1041 848 ne·
1088 829 1090 834 ,

118 897 185 962 que
208 873 390 953 differentia,
403 889 444 940 -et
466 875 506 941 ita
530 874 614 961 quotl
637 896 699 940 non
723 887 770 939 est
786 893 847 939 non
861 887 960 960 potest
975 893 1043 938 essa

118 985 230 1051 genus.
252 964 368 1030 Malum
390 977 437 1029 est
460 965 552 1050 igitur
576 964 677 1050 aliqua
701 963 832 1029 essentia
856 976 886 1028 et
923 977 1042 1028 nnrura.

185 1053 304 1132 Adhuc,
327 1051 429 1119 Omne
451 1054 535 1140 quod
559 1053 622 1140 agit
644 1066 690 1119 est
713 1072 762 1119 res
786 1051 899 1138 aliqua.
921 1051 1042 1122 ‚llalum

117 1155 225 1208 nutem
262 1144 334 1230 agit,
369 1144 572 1230 inquantum
608 1143 735 1220 malum;
772 1156 924 1228 repugnat
959 1142 1067 1228 enirn⁸

118 1231 206 1298 bono
229 1247 259 1298 et
281 1235 452 1318 corrumpit
474 1233 587 1319 ipsum.
610 1231 724 1297 Malum
748 1231 850 1317 igitur,
878 1233 908 1294 in
944 1251 1042 1316 quau-

119 1335 188 1386 tunr
213 1322 340 1400 malum,
363 1335 409 1386 est
431 1341 480 1386 res
503 1321 615 1407 aliqua.

189 1411 337 1498 Amplior,
361 1409 393 1474 ln
417 1410 664 1496 quibuscumque
688 1409 845 1475 invenitur
879 1408 978 1492 magis
1012 1421 1042 1472 et

118 1500 236 1578 minus,
260 1512 381 1586 oportet
404 1499 488 1584 quod
512 1501 572 1566 siut
597 1520 645 1564 res
668 1499 790 1585 aliquae
814 1498 963 1564 habentes
990 1518 1040 1562 or-

118 1588 242 1664 dinem·
267 1587 446 1674 negationes
457 1589 542 1653 enim
558 1604 587 1653 et
600 1588 784 1676 privationes
796 1607 860 1652 nou
874 1586 1044 1672 suscipiunt

122 1679 224 1762 magis
247 1693 277 1742 et
300 1679 412 1742 minus.
436 1676 592 1744 invenitur
615 1691 717 1742 autem
742 1677 822 1742 inter
844 1675 924 1742 mala
946 1695 1044 1739 unum

123 1767 224 1833 altero
247 1766 345 1854 pejus.
369 1763 499 1852 Oportet
521 1768 624 1854 igitur,
647 1779 680 1833 ut
702 1766 835 1842 videtur,
861 1763 944 1853 quod
980 1784 1045 1829 ma-

122 1856 190 1922 lum
215 1857 252 1921 sit
274 1875 324 1921 res
347 1854 459 1941 aliqua.
686 1862 688 1868 ’

193 1945 366 2024 Praeterea,
379 1943 438 2008 lies
451 1958 481 2009 et
496 1965 550 2012 ens
564 1958 784 2011 convertuntur
795 1943 856 2030 (l).
881 1941 931 2007 Est
943 1957 1046 2008 autem

122 2033 243 2100 malum
267 2035 297 2099 in
320 2033 448 2099 mundo.
472 2035 552 2118 Ergo
575 2049 621 2100 est
643 2054 693 2100 res
716 2034 819 2120 aliqua
843 2045 874 2098 et
902 2046 1021 2097 natura.

457 2210 629 2279 catur
665 2210 715 2277 lX.

257 2353 428 2438 Responsio
452 2355 495 2419 ad
515 2353 699 2438 praedictos
722 2337 915 2438 objectiones.
959 2385 965 2402 ·

192 2473 253 2540 llas
278 2489 381 2540 autem
405 2477 539 2542 rationes
563 2497 626 2541 non
649 2475 772 2542 difficile
794 2490 840 2542 est
862 2477 991 2543 soluere.

162 2629 166 2638 ,
195 2563 310 2629 llalum
334 2565 418 2630 enim
441 2580 471 2630 et
494 2565 614 2631 bonum
638 2566 669 2630 in
694 2565 864 2650 moralibus
887 2567 1048 2654 specificae

127 2650 320 2718 differentiae
357 2666 523 2740 ponuntur,
561 2667 594 2720 ut
610 2655 709 2740 prima
746 2655 823 2720 ratio
846 2656 1049 2742 proponebat,

129 2741 202 2827 quia
226 2741 356 2807 moralia
377 2763 395 2807 a
418 2741 575 2808 voluntate
592 2741 778 2830 dependent.
795 2743 973 2810 Secundum
989 2745 1050 2810 hoo

128 2829 214 2894 enim
252 2830 368 2917 aliquid
406 2831 445 2896 atl
484 2851 583 2916 genus
622 2835 717 2898 moris
741 2833 873 2918 pertinet
897 2833 979 2919 quod
1004 2847 1050 2898 est

130 2917 348 2986 voluntarium.
373 2919 544 2987 Voluntatis
567 2934 670 2987 autern
703 2921 860 3007 objectum
897 2935 943 2986 est
980 2920 1049 2986 linis

129 3020 160 3072 et
182 3007 311 3085 bonum;
331 3008 414 3074 unde
438 3029 456 3073 a
477 3007 539 3074 line
561 3011 696 3096 speeiem
720 3011 848 3076 moralia
871 3010 1052 3089 sortiuntur,

127 3097 207 3163 siout
227 3111 258 3160 et
279 3097 436 3162 naturales
460 3099 595 3163 notiones
619 3120 636 3162 a
660 3098 759 3164 iorma
784 3099 927 3185 principii
950 3099 1051 3178 activi,

129 3200 162 3250 ut
184 3184 344 3253 ealelaetio
367 3207 384 3250 a
406 3186 518 3252 calore.
536 3186 614 3268 Quia
628 3188 720 3272 igitur
732 3187 850 3253 bonurn
870 3200 900 3253 et
935 3188 1051 3254 malum

128 3275 272 3340 dicuntur
295 3275 466 3342 seeundum
490 3275 851 3346 ordinemadfinemvel
878 3277 1051 3344 seeundum

129 3363 332 3451 privationem
356 3364 482 3442 ordinis,
505 3379 625 3452 oportet
647 3363 730 3452 quod
754 3365 786 3431 in
808 3367 977 3434 moralibus
990 3369 1051 3453 pri-

185 3483 223 3551 (l)
242 3487 438 3556 connotantur,
465 3491 483 3542 i.
501 3504 524 3541 a.
542 3489 749 3560 reciprocantur,
767 3491 872 3546 seilicet:
892 3490 943 3544 Ena
956 3489 1052 3546 dieitur

132 3557 165 3612 tle
179 3573 222 3625 re,
240 3573 284 3612 res
301 3559 398 3614 dieitur
415 3561 448 3615 de
466 3569 534 3615 ente.
853 3587 858 3594 .
