2514 3972
431 215 487 290 lin.
511 244 551 289 nr.
574 243 638 292 etr.
662 243 722 290 orx.
974 225 1038 294 559

435 400 458 468 C
472 403 496 467 Α
511 401 535 466 Ρ
551 401 575 466 ll
591 400 616 465 Τ
654 399 729 468 (llll.

203 578 295 662 Quor
313 581 347 646 in
368 577 569 646 doemonibus
586 579 688 663 poerit
707 597 775 644 eree
790 591 952 663 peccatore
1008 615 1010 622 v

483 681 513 736 et
533 669 676 753 quanter.

192 847 284 928 Quod
307 860 409 912 autern
443 846 474 910 in
496 845 700 914 daemonibus
733 845 771 912 sit
792 859 950 934 peccatum
986 870 1039 916 vo·

122 935 259 1014 luntatis,
280 934 478 1002 manifestum
501 950 546 1000 est
569 957 606 1000 en
630 937 808 1001 auctoritate
831 955 936 1002 sacrae
959 938 1040 1004 Seri·

122 1041 242 1112 pturae3
263 1025 374 1090 dicitur
396 1026 478 1090 enirn
502 1023 584 1110 qood
609 1023 648 1088 nl
663 1025 750 1088 initio
765 1024 909 1092 dioboles
919 1040 1038 1111 peccat,

126 1117 137 1179 l
156 1116 265 1182 loono.
281 1115 312 1186 5.
324 1113 354 1190 8;
371 1127 401 1178 et
425 1113 463 1178 de
476 1111 599 1178 diabolo
612 1113 721 1178 dieitur
737 1113 819 1198 quod
835 1125 881 1180 ert
894 1117 1038 1196 mennon,

121 1215 152 1268 ct
170 1215 263 1289 puter
285 1202 447 1279 mendacii,
470 1216 500 1265 et
522 1201 605 1287 quod
629 1202 782 1266 homicida
797 1215 867 1268 erut
883 1204 922 1268 ob
937 1207 1037 1282 initio,

120 1293 241 1372 locun,
264 1293 295 1370 8,
319 1292 374 1367 tu
395 1304 426 1356 et
448 1289 557 1355 dicitur
579 1290 663 1375 quod
678 1291 796 1355 invidio
812 1293 933 1358 dioboli
954 1317 1038 1362 mors

121 1383 259 1447 introivit
279 1383 314 1446 in
334 1380 439 1446 orbem
461 1389 627 1453 terrorum,
647 1379 718 1465 Sep.
743 1381 774 1454 ἢ,
798 1381 850 1446 24.

188 1470 220 1536 Si
243 1473 310 1557 quis
334 1484 437 1534 autern
460 1469 547 1553 sequi
582 1467 671 1532 uellet
701 1469 925 1554 platonicorum
956 1475 1037 1559 posi·

123 1560 232 1638 tiones,
267 1558 362 1624 facilis
395 1571 474 1623 esset
508 1557 616 1621 uland
653 1557 835 1623 solventlunr
869 1563 1035 1646 praedicta.

121 1648 237 1714 Dicunt
258 1650 341 1714 enirn
376 1647 543 1712 daemones
565 1665 633 1710 csse
656 1646 799 1710 animalia
832 1669 963 1736 corpore
986 1671 1036 1718 ae-

119 1759 182 1815 rea;
206 1738 311 1816 etsie,
335 1757 406 1802 cunt
430 1735 564 1801 babeant
584 1735 642 1800 sibi
668 1754 798 1820 corpora
815 1740 910 1817 unita,
933 1754 1033 1825 potest

118 1825 150 1891 ln
173 1827 217 1892 eis
240 1846 309 1892 esse
331 1826 423 1890 etiarn
448 1845 517 1911 pars
538 1823 693 1900 sensitiva,
720 1824 802 1890 unos
824 1839 854 1890 et
877 1830 1032 1913 passiones

117 1935 198 2001 quoe
220 1915 307 1980 nobis
329 1928 400 1980 sunt
421 1935 513 1979 eausa
529 1913 643 1999 peceati
666 1913 710 1977 eis
726 1913 1031 1995 attribuunr,scilioet

116 2005 194 2070 lrarn
217 2018 248 2070 et
269 2003 375 2070 odium
411 2017 441 2068 et
478 2003 536 2067 alia
572 2000 759 2086 hujusmodo
792 2018 918 2090 propter
946 2007 1029 2093 quotl

116 2093 190 2158 dicit
211 2092 355 2179 Apulejus
378 2093 429 2176 (l)
452 2091 534 2178 quod
557 2092 744 2155 suntanirno
758 2093 885 2178 passiva.
902 2093 1031 2182 Propter

115 2181 176 2247 hoe
199 2183 291 2246 etiarn
314 2183 396 2268 quod
420 2181 495 2246 unni
530 2179 711 2264 corporibus
735 2181 949 2266 perhibentur,
982 2205 1032 2250 se·

115 2269 253 2336 cundum
276 2270 458 2356 positionem
493 2267 638 2342 Platonis,
673 2267 751 2332 forte
787 2284 890 2355 posset
921 2272 954 2337 in
987 2273 1031 2340 eis

116 2359 198 2424 aliud
222 2379 319 2443 genus
342 2358 524 2442 cognitionis
547 2358 618 2442 poni
643 2377 735 2441 quarn
752 2357 933 2438 intellectus
949 2382 1033 2442 narn,

116 2449 287 2514 seeundum
311 2447 470 2512 Pletonern
498 2446 560 2530 (l),
583 2445 675 2509 etiarn
698 2447 799 2512 aniana
822 2450 964 2516 sensitiva
986 2452 1033 2517 in·

116 2537 321 2624 corruptibilis
347 2550 402 2616 esu
437 2535 518 2600 unce
540 2547 661 2620 oportet
683 2533 766 2619 qnod
788 2535 900 2604 hebeat
923 2560 1030 2628 opera·

116 2627 232 2692 tionem
255 2626 304 2690 cui
332 2645 393 2689 non
423 2625 629 2690 communicet
657 2641 779 2708 corpus;
817 2645 847 2690 er
879 2629 923 2694 sio
952 2630 1029 2696 nihil

113 2713 258 2802 prohibet
278 2713 488 2801 operationem
511 2711 671 2776 sensitiuae
693 2713 813 2779 animae
842 2715 971 2783 inveniri
995 2719 1026 2786 in

113 2803 280 2870 substantia
304 2801 405 2888 alique
428 2799 633 2877 intellectuali,
654 2802 794 2885 quamuis
816 2807 937 2891 corpori
960 2827 1025 2873 non

113 2895 209 2971 unita,
230 2907 260 2957 et
283 2911 338 2978 per
359 2910 551 2976 consequens
574 2888 741 2974 passionen
764 2905 794 2955 et
816 2892 859 2957 sic
873 2909 979 2962 manet
992 2898 1026 2962 in

113 2983 158 3047 eis
181 2981 290 3047 eadem
311 2978 398 3045 radix
420 2977 565 3066 peccandi
589 2997 667 3062 qnae
690 2991 736 3042 est
759 2979 790 3044 in
813 2981 912 3047 nobis.

179 3070 241 3136 Sed
276 3082 440 3155 utromque
477 3068 715 3154 praemissorum
749 3082 795 3133 est
828 3070 1026 3158 impossibile.

114 3160 206 3242 Quod
229 3161 313 3225 enirn
336 3179 398 3222 non
422 3157 482 3223 sint
515 3156 635 3242 aliquae
658 3154 736 3219 attae
763 3157 950 3226 substantioe
984 3164 1029 3226 in·

111 3249 301 3316 tellectualcs
324 3247 426 3312 unitae
456 3246 648 3331 corporibus,
681 3259 801 3331 praeter
823 3250 939 3314 animas
973 3251 1030 3314 lin·

112 3357 231 3416 manas,
253 3349 411 3402 ostensum
433 3349 479 3400 est
500 3355 593 3421 supra
626 3333 672 3421 (l.
696 3334 727 3412 l,
757 3355 784 3401 e.
819 3337 898 3424 91).
937 3338 1028 3421 Quod

167 3457 205 3526 (l)
224 3457 301 3512 Teste
319 3456 345 3509 S.
366 3457 440 3525 Aug„
462 3457 495 3509 cle
513 3456 589 3510 civo.
609 3453 670 3522 oar,
688 3457 706 3509 l.
723 3453 750 3524 8,
768 3473 791 3514 c.
812 3455 852 3513 tr.

166 3529 206 3602 (ἢ)
226 3529 266 3586 De
284 3528 356 3600 rep,
375 3527 393 3585 l.
414 3525 457 3582 to.
