2516 3968
216 199 282 266 tou
485 217 541 264 tra.
566 217 607 263 ιιι.
631 215 695 264 err.
719 215 836 264 oxrur.

212 286 338 376 aliquod
362 287 469 354 uitium
492 287 579 364 oriri,
602 285 727 374 quando
750 307 814 352 non
837 283 964 350 ueniunt
986 282 1018 350 in
1040 305 1132 352 usum
1243 341 1244 372 q

211 377 347 444 hominis
381 377 552 443 secundum
587 375 727 461 regulam
764 373 901 453 rationis;
937 393 995 439 nec
1029 387 1144 440 tamen
1243 377 1244 398 ¹

212 479 337 554 propter
359 465 419 533 hoe
442 479 513 533 sunt
536 464 716 553 simpiieiter
749 464 831 529 mala
865 461 1044 549 judicanda,
1079 464 1135 528 sed

211 555 311 621 malus
335 575 409 620 usus
442 565 561 620 eorum:
600 566 631 618 et
664 554 709 620 sic
747 573 849 639 neque
887 566 1053 640 paupertas
1091 565 1137 617 est

211 643 372 730 adjicendo
395 657 522 732 propter
545 641 646 730 aliqua
669 642 740 708 vitia
763 662 843 729 quae
866 661 903 706 ex
927 661 964 706 ea
994 639 1138 708 acciden-

211 734 312 799 taliter
334 732 522 819 quandoque
545 730 727 818 procedunt:
749 745 784 798 ut
806 731 912 818 quinta
929 733 1007 798 ratio
1031 743 1139 798 osten·
1244 719 1245 744 ³

211 822 287 890 dere
310 822 481 888 videbatur.

279 911 356 976 Hine
378 911 471 976 etiam
505 907 765 976 considerandum
799 921 846 974 est
878 908 962 998 quod
996 905 1134 974 medium

212 999 330 1065 virtutis
354 1020 416 1065 non
440 997 587 1086 accipitur
609 998 781 1064 seeundum
815 998 1016 1085 quantitatem
1052 1010 1134 1061 exte·

135 1148 141 1153 .
212 1089 329 1155 riorum
353 1089 487 1175 quaein
511 1107 602 1153 usum
636 1089 774 1166 veniunt,
803 1085 858 1152 sed
881 1086 1055 1154 seeundum
1089 1105 1135 1152 re-

212 1176 318 1262 guiam
342 1177 479 1253 rationis3
502 1175 585 1241 unde
598 1176 785 1263 quandoque
800 1175 949 1260 contingit
960 1173 1046 1263 quod
1060 1173 1134 1240 illud

213 1266 297 1353 quod
320 1279 366 1332 est
389 1280 562 1332 extremum
597 1264 769 1330 seeundum
792 1266 992 1350 quantitatem
1016 1265 1062 1328 rei
1088 1283 1137 1328 ex·
1245 1271 1246 1274 ’

212 1356 333 1422 terioris
366 1354 537 1422 secundum
561 1353 701 1438 reguiam
740 1353 867 1419 rationis
905 1366 951 1419 est
984 1351 1134 1418 medium.

212 1444 319 1532 Neque
342 1446 426 1510 enirn
450 1455 496 1510 est
519 1441 627 1528 aliquis
643 1443 696 1530 qui
719 1442 758 1509 ad
783 1441 899 1528 majora
921 1441 1026 1508 tendat
1042 1461 1135 1528 quarn

212 1534 431 1619 magnanimus
453 1531 501 1597 uel
525 1533 578 1619 qui
602 1531 633 1596 in
657 1531 832 1619 sumptibus
855 1531 1055 1617 magnificum
1068 1550 1136 1594 ma-

212 1622 374 1708 gnitudine
396 1634 532 1708 superea
555 1619 693 1686 medium
709 1639 784 1706 erqo
807 1619 928 1698 dicitur,
951 1640 1013 1686 non
1037 1639 1137 1706 quan·

213 1713 300 1778 titnte
314 1722 456 1799 sumptus
472 1721 525 1776 aut
537 1709 667 1795 alicujus
684 1708 873 1794 hujusmodi,
886 1709 941 1775 sed
953 1710 1138 1796 inquantum

214 1821 277 1866 non
302 1798 491 1866 transcendit
513 1797 653 1884 requiam
678 1798 805 1864 rationis
828 1819 885 1864 nee
908 1797 948 1864 ab
962 1817 999 1864 ea
1023 1797 1140 1872 deiicit3

212 1909 292 1976 quae
305 1889 430 1975 quidem
442 1887 549 1974 regula
571 1907 636 1972 pon
659 1888 761 1954 solum
785 1889 910 1954 metitur
932 1887 1135 1974 quantitatem

216 1979 261 2044 rei
286 1978 421 2063 quaein
446 1997 536 2042 usum
560 1978 653 2055 venit,
675 1976 731 2042 sed
754 1976 961 2044 conditionem
985 1994 1138 2064 personae
1247 1977 1248 2028 i

215 2080 246 2132 et
268 2067 472 2132 intentionem
495 2063 572 2150 ejus,
584 2065 847 2153 opportunitatem
860 2065 918 2131 loci
934 2078 965 2130 et
979 2063 1140 2152 temporis,

215 2168 246 2222 et
269 2155 328 2221 alia
351 2153 532 2241 hujusmodi
555 2173 635 2241 quae
660 2155 690 2220 in
715 2153 832 2220 actibus
855 2154 1003 2220 uirtutum
1035 2154 1140 2240 requi·

215 2259 336 2312 runtur.
353 2244 426 2310 Non
451 2243 544 2328 igitur
566 2242 677 2330 aliquis
701 2263 758 2330 per
780 2243 984 2309 voluntariam
1009 2262 1140 2330 pauper·

215 2348 310 2400 tatem
333 2331 538 2399 contrariatur
560 2332 675 2409 virtuti,
696 2333 836 2418 quamuis
867 2331 972 2397 omnia
1006 2332 1141 2410 deserat;

216 2443 275 2489 nee
299 2423 358 2488 hoc
381 2420 582 2508 prodigaliter
615 2419 791 2500 sonituum
817 2419 876 2486 hoc
899 2419 999 2499 iaciat,
1033 2419 1142 2485 debito

216 2511 279 2578 fine
301 2525 332 2576 et
354 2511 420 2576 aliis
444 2509 672 2576 conditionibus
695 2507 806 2575 debitis
821 2510 958 2587 seruatis
971 2509 1037 2597 pius
1051 2508 1140 2576 enim

208 2614 263 2666 est
284 2600 420 2686 seipsum
445 2598 536 2664 morti
572 2617 728 2684 exponere
752 2597 865 2686 (quod
902 2612 1004 2664 tamen
1027 2597 1143 2685 aliquis

216 2710 273 2778 per
296 2690 439 2755 virtutem
462 2685 649 2752 fortitudinis
684 2700 840 2774 operatur,
862 2687 980 2752 debitas
1008 2686 1144 2752 circum·

215 2779 342 2846 stantius
366 2778 508 2860 servans)
532 2796 626 2864 quam
642 2776 746 2841 omnia
760 2796 817 2842 sua
832 2776 1019 2864 relinquere,
1036 2774 1145 2842 debito

218 2867 290 2934 sune.
315 2867 350 2933 Et
372 2868 416 2934 sic
439 2865 567 2932 soluitur
589 2865 669 2948 ratio
691 2877 787 2930 sexta.

284 2955 376 3039 Quod
400 2969 504 3022 autem
528 2974 565 3019 ex
588 2953 689 3020 verbis
715 2952 891 3019 Salomonis
908 2951 1063 3019 inducitur
1078 2973 1145 3019 non

217 3059 263 3111 est
285 3045 484 3110 contrarium.
507 3040 702 3108 Manifestum
720 3056 772 3108 est
786 3041 870 3108 enim
895 3041 977 3129 quod
1006 3041 1147 3128 loquitur

217 3133 257 3200 de
273 3149 375 3202 coacto
392 3145 582 3221 paupertate,
601 3151 681 3219 quae
696 3130 818 3199 iurandi
830 3131 909 3198 solet
930 3151 999 3198 esse
1010 3131 1145 3200 occasio.
