2452 3970
186 217 228 280 96
495 237 551 282 tro.
575 237 615 282 m.
640 237 705 284 con.
728 235 837 282 xxxvn.

251 303 437 372 baeresim
460 306 524 372 sola
557 307 694 391 operatio
718 305 852 371 bominis
886 313 932 367 εει
954 301 1012 368 sibi
1034 320 1106 390 pro

186 393 252 479 pria
268 406 298 458 et
313 396 344 460 in
360 415 423 480 qun
437 395 522 460 nullo
537 395 632 460 modo
648 395 773 481 aliquod
788 392 871 458 aliud
887 397 1105 458 communicat.

252 481 317 548 lloc
339 486 432 548 etiam
454 483 494 548 ad
518 483 594 550 nihil
617 483 701 550 aliud
724 483 884 549 ordinatur
906 481 985 546 sieut
1006 482 1045 546 ad
1068 482 1105 546 fi-

183 590 268 650 nem,
291 592 362 637 cum
392 573 610 660 contemplatio
644 573 779 639 raritatis
813 583 940 658 propter
972 571 1105 657 seipsam

184 673 360 746 quaeratur.

250 747 310 814 Per
333 749 413 816 bane
435 749 529 816 etiam
560 749 771 837 operationem
795 747 890 814 bomo
928 747 1106 814 substantiis

183 837 394 925 superioribus
409 837 606 923 cunjungitur
623 860 678 926 per
693 839 938 915 similitudinem,
954 837 1025 923 quia
1044 839 1104 902 boo

185 940 304 992 tantum
327 927 366 992 de
389 928 618 1012 operationibus
642 927 910 994 bumanisinDeo
934 940 964 992 ει
980 928 1010 990 in
1032 927 1104 992 sub-

181 1015 300 1081 stantiis
321 1016 469 1102 separatis
491 1029 546 1082 est.

248 1103 311 1170 Hac
343 1107 435 1169 etiam
470 1106 648 1192 operatione
678 1104 717 1170 ad
751 1105 802 1170 illa
836 1103 994 1191 superiora
1029 1123 1105 1169 con-

178 1196 330 1280 jungitur,
352 1195 567 1279 cognoscendo
589 1197 654 1282 ipsa
678 1213 874 1280 quocumque
888 1193 1002 1257 modo.

248 1282 292 1348 tld
316 1283 396 1347 hane
419 1283 511 1347 etiarn
542 1285 752 1370 operationem
785 1283 880 1348 bomo
911 1281 969 1346 sibi
1003 1281 1103 1366 magis

182 1384 228 1435 est
250 1369 416 1449 sufficiens,
438 1385 543 1458 utpote
566 1372 605 1438 ad
628 1393 697 1439 eam
715 1393 835 1458 ‘parum
871 1369 984 1436 auxilio
1018 1386 1104 1435 exte-

182 1462 299 1526 riorum
323 1481 428 1526 rerum
451 1481 556 1545 egens.

129 1558 131 1560 ’
246 1549 292 1614 tu
316 1549 395 1614 lranc
419 1549 510 1614 etiam
534 1570 643 1614 omnes
667 1549 744 1614 aliae
768 1547 962 1635 operationes
991 1547 1102 1612 burnu-

181 1659 239 1706 nae
263 1637 397 1704 ordinari
421 1638 564 1704 videntur
587 1639 666 1704 sicut
688 1637 727 1703 ed
751 1638 855 1704 linem.
878 1637 924 1701 Ad
940 1634 1101 1723 perlectio-

181 1747 253 1798 nem
281 1728 363 1792 enim
400 1727 667 1814 contemplationis
705 1728 871 1813 requiritur
892 1725 1100 1794 ¹incolumitas

179 1817 328 1900 corporis,
351 1815 389 1880 ad
413 1835 505 1900 quam
518 1816 700 1882 ordinantur
716 1816 882 1882 artificialia
900 1816 1003 1880 omnia
1019 1835 1100 1901 quae

118 1985 119 1989 Ἰ
178 1916 250 1966 sunt
272 1904 444 1968 necessaria
468 1905 506 1968 ad
530 1905 633 1970 vitam.
659 1905 833 1991 Requiritur
855 1904 948 1968 etiam
971 1905 1057 1988 quies
1082 1927 1108 1970 a·

179 1991 460 2076 perturbationibus
483 1993 671 2080 passionum,
687 1996 726 2058 ad
742 2015 834 2080 quam
851 1993 1028 2080 pervenitur
1043 2014 1099 2080 per

178 2084 305 2145 uirtutes
330 2081 461 2146 morales
484 2095 514 2146 ει
548 2102 603 2166 per
636 2083 844 2169 prudentiam,
878 2093 908 2146 et
946 2083 1034 2166 quies
1057 2085 1099 2148 ab

177 2169 380 2234 exterioribus
404 2169 607 2255 passionibus,
632 2172 670 2237 ad
700 2191 792 2256 quarn
817 2170 976 2236 ordinatur
1000 2182 1100 2235 totum

177 2259 316 2342 regimen
340 2259 419 2322 vitae
442 2259 547 2336 civilis,
571 2273 603 2326 ut
626 2261 682 2334 sic,
703 2262 728 2324 si
753 2273 835 2326 recte
855 2259 1099 2336 considerentur,

177 2348 280 2412 omnia
304 2347 440 2414 bumana
456 2347 554 2416 ollicia
577 2349 869 2414 servire'rideaotur
884 2347 1099 2434 contemplan-

136 2447 137 2450 ’
176 2435 257 2500 tibus
280 2438 447 2502 veritatem.

171 2585 173 2594 .
242 2523 310 2589 Non
332 2541 377 2591 est
401 2541 504 2591 autem
534 2525 680 2612 possibile
713 2525 796 2613 quod
819 2526 927 2592 ultima
961 2524 1097 2590 bominis

175 2611 302 2679 felicitas
325 2616 470 2680 consistat
490 2613 531 2678 in'
545 2613 805 2700 contemplatione
827 2635 907 2703 quse
923 2627 969 2682 est
984 2633 1096 2678 secun-

174 2701 249 2766 dum
273 2703 461 2769 intellectum
492 2703 724 2790 principiorum,
758 2725 838 2790 quae
869 2719 915 2770 est
948 2704 1096 2790 impert'e-

174 2795 318 2871 ctissima,
340 2791 418 2858 sicut
433 2793 573 2866 ¹manime
597 2792 787 2873 universalis,
818 2813 923 2860 rerum
946 2791 1097 2876 cognitio-

173 2899 244 2944 nem
269 2881 299 2944 in
324 2880 459 2967 potentia
480 2879 653 2958 continens,
665 2893 696 2948 et
712 2881 822 2968 (quae)
838 2895 884 2948 est
900 2881 1099 2969 principium,

172 2989 235 3034 non
259 2968 329 3034 linis
353 2968 480 3034 humani
503 2969 607 3048 studii,
630 2990 647 3035 a
672 2986 779 3036 natura
795 2971 886 3037 nabis
903 2971 1100 3058 proveniens,

172 3077 234 3122 non
259 3057 431 3124 secundum
465 3057 602 3124 studium
627 3059 771 3138 rer-itatis
794 3079 896 3146 neque
928 3060 1021 3126 etiam
1044 3064 1099 3144 (iu

172 3146 433 3232 contemplatione
455 3167 535 3233 quae
558 3148 632 3232 εει)
654 3149 825 3218 secundum
841 3145 982 3216 scientias
1016 3167 1098 3234 quae

171 3247 243 3298 sunt
266 3233 305 3298 de
322 3235 414 3302 rebus
437 3235 561 3313 infimis
583 3257 655 3304 cum
678 3251 820 3325 oporteat
842 3237 1017 3305 felicitatem
1029 3256 1098 3302 csse

171 3325 204 3386 in
242 3325 421 3408 operatione
454 3325 627 3396 intellectus
665 3347 722 3413 per
759 3329 1030 3412 comparationem¹
1057 3328 1097 3390 sd

146 3410 361 3478 nobilissima
386 3413 598 3500 intelligibilia.
624 3415 816 3501 Relinquitur
839 3417 934 3500 igitur
956 3413 1096 3502 quocun

170 3500 430 3588 contemplatione
461 3505 632 3592 sapientiae
655 3503 763 3576 ultima
800 3503 935 3568 hominis
968 3501 1098 3569 lelicitaa

169 3588 324 3671 nnasistat,
347 3589 518 3658 secundum
543 3590 719 3657 divinorum
742 3593 1033 3664 considerationem
