2462 3968
297 249 299 256 ι
346 211 407 278 ιιι.
432 234 472 278 ιιι.
497 233 559 280 cnr.
584 233 702 280 ιιιιιιι.
926 215 990 280 229

57 304 153 370 ratio
168 300 250 390 quotl
267 314 426 368 creaturae
442 303 518 368 aliae
532 323 586 391 ρει
599 315 754 368 creaturas
771 301 992 370 intellectuales

59 406 241 480 regantur..
834 445 837 452 .

141 484 228 561 ltcm‚
249 479 383 546 Virtutes
407 479 603 564 particulares
627 492 716 544 natae
740 482 950 546 summoveri
974 503 991 546 a

61 573 236 638 virtutibus
259 570 492 647 universalibus
517 582 550 634 nt
573 580 655 655 patet
678 581 739 632 tarn
764 569 795 633 in
818 581 883 632 arte
898 591 993 656 quam

66 664 101 726 in
129 675 251 727 natura.
280 658 403 725 Constat
437 672 540 722 autem
564 656 646 744 qood
681 657 775 725 virtus
811 657 994 724 intellectiva

66 764 119 816 est
145 747 350 816 universalior.
369 747 453 813 omni
481 747 539 812 alia
572 747 682 812 virtute
717 746 884 832 operativa3
922 768 993 812 natu
1045 741 1048 747 ’

67 841 172 904 virtus
196 837 378 902 intellectiva
394 834 530 901 continet
544 835 659 900 formas
677 835 876 914 universales,
891 837 992 902 omnis

68 943 181 994 autem
206 929 299 992 virtus
323 924 477 1011 operativa
502 937 620 988 tantum
644 939 690 989 est
705 925 855 1010 exaliqua
873 927 995 1012 propria

69 1017 176 1082 forma
200 1015 365 1102 operantis.
388 1012 515 1098 Oportet
538 1013 630 1097 igitur
664 1011 747 1098 quod
782 1033 837 1099 per
871 1014 996 1080 virtutes

71 1103 297 1172 intellectuales
321 1116 504 1168 moveantur
531 1115 560 1167 ct
593 1115 739 1186 regantur
774 1121 882 1168 omnes
917 1103 995 1169 aliae

69 1207 245 1260 creaturae·
329 1259 331 1264 ,

147 1283 320 1360 Praeterea,
346 1279 380 1344 ln
404 1280 549 1346 omnibus
579 1279 722 1365 potentiis
752 1279 910 1358 ordinatis,
933 1301 994 1345 una

73 1386 123 1438 est
148 1372 290 1436 directiva
326 1369 461 1447 alterius,
484 1389 563 1455 quae
586 1369 682 1452 magis
705 1369 856 1434 rationem
879 1389 995 1453 cogno·

74 1462 145 1528 scit:
168 1461 251 1526 unde
286 1459 435 1537 videmus,
457 1458 488 1522 in
526 1456 653 1533 artibus,
675 1456 832 1542 quodars
866 1458 917 1522 illa
956 1458 996 1523 ad

76 1571 173 1634 quarn
197 1548 328 1636 pertinet
351 1547 430 1627 linis,
452 1567 488 1612 ει
512 1566 574 1632 quo
598 1545 730 1612 sumitur
746 1546 824 1610 ratio
840 1547 932 1612 totius
948 1568 996 1612 ar-

79 1639 176 1717 anicii,
200 1639 302 1722 dirigit
325 1636 408 1710 illam
437 1648 466 1700 et
504 1635 636 1721 imperat
659 1635 687 1698 ei
722 1654 802 1719 quae
836 1635 1000 1700 artificium

79 1741 226 1813 operatur
248 1729 311 1812 (l),
341 1726 419 1791 sicut
454 1745 504 1788 ars
538 1723 755 1808 gubernatoria
789 1722 999 1802 navilactivae,

80 1830 113 1881 et
137 1816 187 1882 illa
211 1837 289 1900 quac
312 1814 444 1880 sormam
482 1811 599 1877 inducit
625 1814 757 1898 imperat
780 1813 808 1877 ei
832 1833 911 1899 quac
935 1835 1002 1878 ma*

81 1907 190 1970 teriam
214 1905 358 1991 disponit;
385 1903 586 1968 instrumenta
622 1915 725 1966 autem
749 1921 828 1987 quae
865 1923 928 1968 non
952 1923 1003 1968 co·

82 2007 233 2079 gnosennt
256 1995 391 2078 aliquam
422 1991 572 2056 rationem
596 2005 745 2073 reguntur
768 2004 898 2059 tantum.
922 1991 1001 2058 Cum

83 2103 158 2168 ergo
181 2083 264 2148 solae
291 2079 510 2146 intellectuales
544 2092 702 2144 creaturae
725 2080 858 2145 rationes
883 2080 1000 2146 ordinis

83 2193 189 2238 rerum
219 2188 390 2237 creatarum
428 2187 615 2252 cognoscere
640 2168 767 2253 possint,
803 2188 910 2234 earum
943 2167 1002 2234 erit

85 2281 193 2346 regere
216 2272 246 2325 et
269 2259 443 2344 gnbernare
466 2276 574 2322 omnes
598 2255 672 2321 alias
703 2269 869 2323 creaturas.

151 2348 268 2424 Adhuc,
292 2347 383 2430 Quod
406 2359 451 2411 est
474 2366 530 2433 ρει
554 2365 587 2410 se
621 2358 667 2409 est
689 2365 780 2411 causa
815 2345 881 2430 ejus
915 2346 1000 2433 quod

85 2450 133 2502 est
154 2457 209 2524 per
231 2437 324 2503 aliud.
348 2435 439 2502 Solae
472 2447 575 2499 autem
598 2445 758 2500 creaturae
779 2435 999 2501 intellectuales

86 2540 251 2612 operantur
274 2546 328 2612 ρει
350 2526 475 2611 seipsas,
498 2536 603 2609 utpote
633 2543 759 2588 suarum
783 2525 1000 2610 operationum

86 2635 141 2701 per
162 2615 294 2680 liberum
306 2613 470 2680 voluntatis
486 2611 646 2678 arbitrium
663 2611 807 2677 dominae
823 2613 1000 2689 existentem

87 2704 162 2768 aliae
186 2725 258 2769 vero
281 2715 440 2768 creaturae
463 2721 500 2766 ειι
524 2701 703 2765 necessitate
727 2712 854 2766 naturae
870 2721 1001 2787 operan-

87 2804 146 2866 tur,
168 2806 324 2878 tamquam
340 2791 379 2856 ab
403 2791 464 2856 alio
487 2802 599 2854 motae.
623 2787 788 2854 Creaturae
804 2790 895 2874 igitur
916 2791 1004 2856 intel·

87 2881 230 2964 lectuales
255 2901 309 2968 per
331 2899 419 2945 suam
455 2877 666 2964 operationem
702 2891 773 2943 sunt
806 2879 939 2945 motivae
973 2893 1004 2944 et

89 2969 233 3055 regitivae
255 2969 385 3036 aliarum
408 2981 628 3032 ereaturarum.

142 3179 178 3240 tll
198 3180 299 3249 Drrtptt
316 3179 395 3232 illam
413 3184 438 3230 et
456 3180 568 3243 imperat
586 3177 610 3226 et
628 3191 703 3244 qaae,
722 3176 740 3228 i.
758 3191 781 3228 e.
799 3175 879 3230 habet
892 3177 1010 3231 directio-

93 3267 151 3304 nem
169 3257 195 3304 ει
213 3252 351 3321 imperinm
362 3248 449 3320 quoad
468 3249 538 3301 illam
548 3253 630 3300 artem
644 3263 712 3318 quae
725 3247 866 3302 artificium
878 3256 1011 3320 operatur.
