2514 3972
231 223 295 288 556
530 243 585 288 uto.
610 245 650 289 ru.
676 243 738 288 citu.
763 243 843 288 uturr.

229 311 346 396 telligit,
371 331 432 376 non
456 327 547 390 errat;
571 333 608 377 ex
635 312 755 378 deiectu
772 313 855 376 enim
871 310 1060 396 intelligendi
1080 331 1154 400 pro·

229 401 312 466 venit
334 401 435 466 omnis
459 422 555 467 error.
579 401 647 466 lion
679 415 778 489 potest
811 401 905 485 igitur
938 421 1006 466 esse
1040 402 1155 488 aliquis

227 509 316 554 error
338 491 370 554 in
392 491 568 576 cognitione
594 492 835 556 substantiarum
870 489 987 554 talium.
1022 490 1155 556 Nullum

227 591 331 644 autem
355 578 517 645 voluntatis
541 597 701 667 peecatum
726 594 823 666 potest
857 599 925 644 esse
960 578 1079 664 absque
1104 601 1154 646 er-

227 688 309 748 rore,
331 669 402 755 quia
427 667 566 734 voluntas
590 689 715 756 semper
737 669 833 734 tendit
856 669 886 732 in
904 668 1020 732 bonum
1039 689 1152 756 appre-

226 757 370 835 hensum;
393 757 485 836 unde,
509 759 567 823 nisi
588 760 618 822 in
646 759 892 845 apprehensione
915 757 988 822 boni
1011 772 1150 836 erretur,

225 865 288 910 nou
327 859 427 934 potest
461 848 493 912 in
528 847 684 912 voluntate
717 867 785 912 esse
819 861 990 934 peecatum.
1021 846 1152 913 Videtur

226 934 319 1018 igitur
340 936 436 1020 quod,
474 937 505 1000 in
545 936 721 1022 hujusmodi
744 935 931 1010 substantiis,
954 954 1018 1000 nou
1053 939 1153 1023 possit

225 1041 292 1088 esse
316 1024 478 1090 voluntatis
500 1040 671 1113 peccatum.

292 1113 410 1192 Adhuc,
442 1114 474 1180 ln
514 1117 613 1190 nobis,
648 1127 807 1202 peccatum
837 1112 1003 1178 volontatis
1038 1114 1151 1180 accidit

225 1201 305 1266 circa
329 1222 365 1267 ea
389 1203 563 1290 dequibus
587 1205 618 1268 in
646 1203 809 1268 universali
844 1202 1003 1268 seientiam
1041 1223 1150 1268 ueram

226 1288 387 1371 babemus,
411 1312 465 1378 per
488 1293 547 1358 hoc
579 1293 662 1379 qnod
699 1295 728 1357 in
768 1291 943 1378 particulari
977 1293 1150 1378 impeditor

221 1378 373 1462 judicium
389 1381 516 1446 rationis
532 1382 682 1468 exaliqua
700 1385 840 1468 passione
853 1381 1004 1446 rationem
1021 1384 1149 1466 ligante.
1245 1453 1246 1468 χ

224 1467 289 1533 ilae
312 1483 415 1535 autem
440 1470 598 1557 passiones
620 1473 652 1535 in
674 1470 878 1536 daemonibus
902 1487 969 1535 essa
992 1492 1056 1534 non
1076 1491 1150 1556 pos·

224 1572 307 1636 sunt,
344 1559 418 1645 quia
454 1561 513 1624 irae
548 1560 704 1647 passiones
740 1573 811 1624 sunt
846 1558 939 1644 partis
973 1560 1149 1636 semideae,
1245 1565 1246 1588 i

223 1667 303 1733 quae
327 1648 443 1713 nullam
473 1649 566 1714 habet
599 1649 809 1736 operationem
835 1649 902 1711 sine
925 1668 1043 1732 organo
1079 1667 1149 1714 cor·

222 1737 331 1822 porali.
360 1736 393 1801 st
428 1739 520 1822 igitur
554 1737 731 1822 hujusmodi
764 1735 953 1801 substantiae
983 1752 1148 1822 separatae

224 1826 337 1890 babent
359 1840 474 1891 rectam
498 1827 657 1892 scientiam
681 1827 712 1890 in
744 1825 917 1903 uniuersali,
954 1825 1146 1911 impossibiie

223 1913 373 1998 estquod
405 1935 459 2001 per
497 1915 652 1982 deiectum
686 1915 869 2000 cognitionis
901 1915 932 1978 iu
966 1915 1146 2000 particulari

222 2001 360 2067 voluutas
383 2001 522 2088 (earum)
546 2007 577 2070 in
601 2004 718 2069 malum
742 2004 855 2068 tendat.

288 2091 436 2178 Amplius,
459 2092 547 2158 Nulla
583 2095 678 2158 virtus
713 2092 919 2177 cognoscitita
953 2091 1033 2157 circa
1073 2113 1147 2179 pro-

220 2179 322 2267 prium
346 2179 501 2267 objectum
526 2184 688 2268 decipitur,
710 2183 764 2246 sed
796 2183 897 2246 solum
936 2181 1016 2246 circa
1043 2195 1147 2248 extra·

222 2290 326 2346 neum;
350 2275 433 2336 visus
456 2271 539 2336 enim
564 2273 625 2336 nob
650 2271 801 2358 decipitur
816 2269 972 2355 injudicio
988 2269 1146 2348 coloruuc
1244 2289 1245 2293 ’

220 2359 286 2433 sed,
310 2359 385 2424 dum
410 2361 504 2425 bomo
527 2380 582 2448 per
617 2361 715 2424 risum
736 2359 853 2445 judicat
889 2359 928 2424 de
950 2379 1061 2444 sapore
1096 2362 1146 2426 uel

221 2446 260 2511 de
283 2449 385 2533 specie
409 2449 464 2528 rei,
487 2450 518 2513 in
554 2450 613 2514 lroc
646 2449 788 2535 deceptio
821 2448 940 2514 accidit.
975 2447 1147 2535 Proprium

220 2539 323 2600 auteur
347 2536 502 2623 objectum
525 2537 695 2603 intellectos
718 2552 763 2602 est
779 2537 931 2624 quidditas
953 2537 1007 2602 rei.
1032 2538 1067 2601 ln
1091 2559 1147 2604 eo·
1243 2595 1244 2608 2

219 2625 356 2709 gnitione
390 2627 482 2712 igitur
519 2627 690 2692 intellectus
729 2627 869 2713 deceptio
904 2625 1042 2692 accidere
1077 2646 1145 2693 nou

218 2728 328 2799 potest,
351 2714 378 2782 si
400 2737 493 2804 puras
517 2735 621 2780 rerum
645 2713 830 2802 quidditates
847 2714 1071 2802 apprehendam
1084 2717 1144 2782 sed

217 2804 318 2870 omnis
341 2804 482 2892 deceptio
518 2805 689 2870 intellectos
712 2804 852 2870 accidere
876 2805 997 2872 videtur
1019 2824 1058 2870 ex
1082 2805 1145 2871 boc

217 2892 301 2978 quod
325 2894 529 2983 apprehendit
553 2892 668 2959 iormos
691 2913 795 2959 rerum
813 2895 977 2978 permixtas
994 2895 1145 2980 pisanus-

218 2982 361 3066 metibus,
385 2997 418 3048 ut
441 2985 471 3048 in
494 2982 584 3048 uobis
612 2982 732 3048 accidit.
767 2982 851 3048 Talis
886 2997 990 3048 autem
1026 2982 1147 3048 modus

217 3071 426 3154 cognoscendi
447 3091 512 3137 non
536 3087 581 3138 est
605 3073 634 3136 in
668 3070 846 3137 substantiis
880 3069 1145 3138 intellectualibus

216 3161 337 3246 corpori
362 3181 425 3226 non
448 3162 551 3238 unitis,
582 3163 653 3248 quia
680 3163 892 3248 phantasmata
925 3181 987 3225 non
1010 3179 1144 3247 possunt

216 3265 284 3314 esse
308 3250 425 3337 absque
448 3269 588 3338 corpore.
612 3249 680 3314 lion
703 3262 749 3314 est
771 3249 864 3334 igitur
887 3249 1143 3336 possibilequod,¹

216 3335 248 3400 in
272 3338 449 3405 substantiis
471 3341 630 3426 separatis,
652 3339 770 3404 accidat
792 3359 880 3404 error
902 3339 934 3404 in
950 3339 1141 3424 cognitioue3

216 3443 291 3509 ergo
315 3447 416 3514 neque
440 3444 599 3515 peccatum
625 3428 797 3494 voluntatis

283 3513 369 3595 item,
393 3517 427 3582 in
456 3517 555 3598 nobis,
593 3515 708 3583 falsitas
745 3516 854 3584 eccidit
891 3517 923 3584 in
956 3518 1139 3606 operatione
