2514 3972
431 249 487 296 tra.
511 248 552 294 ur.
576 247 639 295 car.
663 249 728 296 unt.
957 229 1022 296 519

80 319 187 388 *Unde
211 318 280 384 uult
301 317 385 405 quod
409 319 506 383 multo
529 318 660 404 amplius
686 316 725 381 ad
742 316 1020 402 apprehensionem

97 409 346 476 substantiarum
369 421 592 493 separatarum,
617 427 693 492 quas
718 405 803 491 ponit
827 407 945 473 animas
974 408 1021 473 vel

97 513 238 564 motores
263 497 397 573 orbium,
419 509 586 581 sequantur
612 495 705 581 aliqui
729 493 854 558 ellectus
888 495 918 558 in
959 498 1022 562 istis

97 585 300 653 inferioribus
312 585 428 670 absque
440 584 560 648 actione
573 583 700 668 alicujus
712 582 879 669 corporalis
893 586 1021 668 agentis.

100 695 104 700 “
162 675 250 744 llaec
274 687 376 740 autern
401 673 509 757 positio
532 672 604 738 satis
626 692 761 737 consona
798 684 843 735 est
866 671 933 737 aliis
959 675 1022 738 suis

95 762 316 850 positionibus.
340 762 429 826 Ponit
451 763 533 826 euim
557 760 639 847 quod
664 779 773 824 omnes
807 759 925 826 formae
948 761 1022 826 suh·

95 852 258 918 stantiales
293 849 419 916 effluant
453 851 483 914 in
508 851 584 914 haec
621 848 767 914 inferiora
806 870 822 912 a
853 848 1022 915 substantia

95 955 251 1028 separata,
275 953 305 1006 et
328 938 412 1025 quod
434 937 605 1024 corporalia
629 937 750 1022 agentia
775 957 836 1002 non
868 953 940 1003 sunt
963 939 1022 1004 nisi

95 1028 295 1117 disponentia
319 1027 479 1092 materiarn
493 1027 530 1090 ad
543 1025 770 1113 suscipiendam
784 1026 1018 1114 impressionem

97 1119 217 1204 agentis
242 1116 384 1203 separatu
409 1115 619 1200 quodquidam
644 1136 706 1180 nou
747 1128 792 1178 est
816 1135 933 1193 verum,
970 1136 1019 1182 so-

96 1208 236 1272 cundum
262 1203 429 1270 Aristotelis
463 1204 644 1282 doctrinam,
667 1205 719 1290 qui
744 1203 853 1289 probat
888 1205 1018 1288 (hleta-

45 1342 48 1356 .
96 1296 196 1383 phys,
233 1297 265 1359 7.
299 1305 370 1358 text.
394 1312 507 1358 eornrn.
537 1293 580 1358 28
603 1293 746 1378 etseq.)
781 1291 865 1377 quod
898 1292 1017 1360 formae

97 1405 176 1470 quae
200 1395 275 1449 sunt
299 1383 329 1446 in
355 1383 484 1446 materia
510 1402 571 1446 non
594 1395 665 1446 sunt
688 1401 705 1444 a
729 1379 835 1446 formis
858 1385 1017 1468 separatis,

96 1474 150 1538 sed
167 1495 184 1539 a
202 1471 312 1538 formis
330 1491 408 1556 quae
420 1484 491 1534 sunt
506 1469 537 1534 iu
554 1470 692 1546 ntateria3
711 1470 753 1534 sie
768 1469 851 1534 enirn
866 1470 1018 1538 inuenitur

97 1561 269 1628 similitudo
292 1560 371 1624 inter
393 1557 507 1624 faciens
523 1572 553 1622 et
570 1557 695 1622 l'acturn.
719 1557 900 1644 Exemplum
924 1561 1016 1625 etiam

99 1651 183 1735 quod
208 1649 342 1715 sumitur
379 1651 418 1711 de
456 1648 661 1733 impressione
699 1647 819 1710 animae
851 1646 881 1712 in
905 1668 1017 1733 corpus

98 1758 162 1804 non
185 1737 321 1803 multum
345 1735 467 1820 adjuvat
489 1737 555 1821 eius
591 1735 803 1800 intentionem.
827 1734 894 1800 llon
933 1738 1016 1802 enim

100 1847 138 1896 ex
161 1825 410 1914 apprehensione
434 1829 571 1910 sequitur
595 1824 694 1910 aliqua
711 1824 884 1890 immutatio
907 1846 1017 1912 eorpo-

100 1917 152 1990 ris,
175 1917 234 1981 nisi
253 1914 488 2001 apprehensioni
503 1914 644 1998 adjuncta
664 1912 754 1978 luerit
770 1913 888 1978 affectio
904 1914 1018 2001 aliqua,

101 2017 133 2069 ut
155 2004 262 2089 gaudii
285 2002 332 2068 vel
355 2003 472 2067 timoris
488 2001 536 2066 uel
548 2002 811 2087 concupiscentiae
824 2017 875 2068 aut
891 2003 1016 2070 alterius

101 2093 265 2177 passionis;
280 2090 456 2176 hujusmodi
469 2103 572 2155 autern
597 2092 755 2176 passiones
775 2091 918 2158 accidunt
944 2113 1016 2158 oum

102 2181 205 2268 aliquo
229 2181 432 2246 determinato
455 2193 540 2244 motu
563 2179 675 2257 cordis,
708 2200 745 2244 ex
779 2201 842 2264 quo
876 2182 1016 2266 sequitur

103 2269 231 2336 ulterius
254 2269 426 2334 itnnrutatio
457 2269 548 2332 totius
582 2267 729 2352 corporis,
764 2268 810 2333 vel
844 2269 1016 2344 secundum

102 2373 222 2424 motum
245 2357 386 2435 localem,
421 2356 468 2420 vel
505 2355 676 2420 secundum
711 2356 924 2424 alterationem
962 2358 1017 2424 ali·

102 2466 212 2532 quam3
252 2445 334 2512 unde
371 2444 472 2510 adhuc
511 2458 651 2509 remanet
689 2445 772 2528 quod
810 2447 1015 2533 apprehensio

102 2535 266 2621 spiritualis
289 2555 351 2600 non
374 2533 481 2598 alterat
503 2554 626 2619 eorpus,
659 2533 716 2596 uisi
740 2534 894 2600 mediante
928 2552 1015 2602 motu

102 2621 201 2689 locali.
225 2623 318 2705 Quod
340 2637 443 2686 autem
466 2622 505 2686 de
528 2621 725 2686 fascinatione
748 2622 863 2688 inducit
886 2643 949 2688 non
973 2625 1014 2690 ob

104 2713 162 2778 hoe
200 2713 309 2793 accidit
346 2711 430 2797 quod
469 2707 673 2796 apprehensio
712 2712 801 2776 unius
838 2712 1014 2778 immediate

104 2801 246 2868 immutet
268 2821 378 2887 corpus
401 2799 535 2878 alterius,
559 2799 612 2862 sed
636 2798 718 2883 quia,
741 2800 896 2865 mediante
928 2817 1013 2868 motu

106 2891 216 2969 cordis,
237 2891 379 2956 immutat
391 2908 503 2974 eorpus
514 2887 723 2972 conjunctum,
738 2887 825 2973 eujus
840 2891 1014 2962 immutatio

105 2980 243 3062 persenit
265 2978 305 3043 ad
327 2977 463 3055 oculum,
501 2997 603 3063 aquo
641 2977 724 3041 infici
761 2991 861 3064 potest
898 2979 1013 3066 aliquid

105 3068 321 3142 extrinsecum,
345 3066 510 3152 praecipue
533 3068 557 3130 si
579 3067 617 3130 sit
640 3063 729 3130 lacile
752 3065 911 3148 mutabile,
933 3070 1012 3136 sieut

106 3155 195 3222 eatam
219 3155 326 3222 oculus
349 3167 554 3220 menstruatae
577 3152 672 3218 inficit
694 3154 864 3241 speculum.

168 3245 344 3311 Substantia
367 3243 459 3330 igitur
475 3241 639 3328 spiritualis
654 3258 754 3308 creata
768 3245 890 3331 propria
903 3249 1014 3312 uirtute

106 3331 220 3399 nullam
243 3332 374 3400 sormam
400 3331 546 3398 inducere
570 3344 669 3417 potest
691 3331 722 3395 in
746 3335 906 3400 materiam
944 3354 1011 3400 eor-

108 3423 252 3504 poralem‚
275 3421 362 3509 quasi
384 3423 511 3486 materia
534 3419 573 3483 ad
597 3420 656 3486 hoc
688 3420 746 3485 sibi
781 3420 945 3488 obediente
980 3436 1013 3489 ut

110 3526 194 3578 exeat
206 3512 346 3580 inactum
359 3507 682 3598 alicujuslormae,nisi
694 3511 1010 3598 permotumloealem
