<?xml version="1.0" encoding="UTF-8"?>
<!DOCTYPE html PUBLIC "-//W3C//DTD XHTML 1.0 Transitional//EN"
    "http://www.w3.org/TR/xhtml1/DTD/xhtml1-transitional.dtd">
<html xmlns="http://www.w3.org/1999/xhtml" xml:lang="en" lang="en">
 <head>
  <title>
</title>
<meta http-equiv="Content-Type" content="text/html;charset=utf-8" />
  <meta name='ocr-system' content='tesseract 3.04.00' />
  <meta name='ocr-capabilities' content='ocr_page ocr_carea ocr_par ocr_line ocrx_word'/>
</head>
<body>
  <div class='ocr_page' id='page_1' title='image "./sanctithomaeaqu00thomgoog_0362.png"; bbox 0 0 2514 3972; ppageno 0'>
   <div class='ocr_carea' id='block_1_1' title="bbox 115 263 1043 1321">
    <p class='ocr_par' dir='ltr' id='par_1_1' title="bbox 115 263 1043 870">
     <span class='ocr_line' id='line_1_1' title="bbox 338 263 1038 332; baseline 0.02 -13"><span class='ocrx_word' id='word_1_1' title='bbox 338 271 394 321; x_wconf 86' lang='lat' dir='ltr'><strong>tm.</strong></span> <span class='ocrx_word' id='word_1_2' title='bbox 419 275 459 321; x_wconf 90' lang='lat' dir='ltr'><strong>m.</strong></span> <span class='ocrx_word' id='word_1_3' title='bbox 484 275 547 325; x_wconf 83' lang='lat' dir='ltr'><strong>etr.</strong></span> <span class='ocrx_word' id='word_1_4' title='bbox 573 276 652 327; x_wconf 82' lang='lat' dir='ltr'><strong>ortt.</strong></span> <span class='ocrx_word' id='word_1_5' title='bbox 678 281 715 325; x_wconf 85' lang='lat' dir='ltr'><strong>rr</strong></span> <span class='ocrx_word' id='word_1_6' title='bbox 745 279 832 328; x_wconf 84' lang='lat' dir='ltr'><strong>ctvu.</strong></span> <span class='ocrx_word' id='word_1_7' title='bbox 973 263 1038 332; x_wconf 74' lang='lat'><strong>557</strong></span> 
     </span>
     <span class='ocr_line' id='line_1_2' title="bbox 116 339 1039 431; baseline 0.017 -26"><span class='ocrx_word' id='word_1_8' title='bbox 116 343 240 415; x_wconf 81' lang='lat' dir='ltr'><strong>nutem&#39;</strong></span> <span class='ocrx_word' id='word_1_9' title='bbox 274 339 327 428; x_wconf 88' lang='lat' dir='ltr'><strong>qui</strong></span> <span class='ocrx_word' id='word_1_10' title='bbox 348 357 412 409; x_wconf 85' lang='grc' dir='ltr'><strong>εει</strong></span> <span class='ocrx_word' id='word_1_11' title='bbox 446 345 521 431; x_wconf 78' lang='lat' dir='ltr'><strong>legis</strong></span> <span class='ocrx_word' id='word_1_12' title='bbox 556 349 678 416; x_wconf 81' lang='lat' dir='ltr'><strong>divinoe</strong></span> <span class='ocrx_word' id='word_1_13' title='bbox 716 348 817 430; x_wconf 83' lang='lat' dir='ltr'><strong>dator,</strong></span> <span class='ocrx_word' id='word_1_14' title='bbox 840 349 943 418; x_wconf 84' lang='lat' dir='ltr'><strong>omnio</strong></span> <span class='ocrx_word' id='word_1_15' title='bbox 967 353 1039 422; x_wconf 82' lang='lat' dir='ltr'><strong>lacit</strong></span> 
     </span>
     <span class='ocr_line' id='line_1_3' title="bbox 118 438 1041 525; baseline 0.017 -32"><span class='ocrx_word' id='word_1_16' title='bbox 118 443 256 516; x_wconf 89' lang='lat' dir='ltr'><strong>propter·</strong></span> <span class='ocrx_word' id='word_1_17' title='bbox 268 451 359 497; x_wconf 86' lang='lat' dir='ltr'><strong>suum</strong></span> <span class='ocrx_word' id='word_1_18' title='bbox 384 453 534 502; x_wconf 82' lang='lat' dir='ltr'><strong>amorem.</strong></span> <span class='ocrx_word' id='word_1_19' title='bbox 559 438 618 520; x_wconf 84' lang='lat' dir='ltr'><strong>Qui</strong></span> <span class='ocrx_word' id='word_1_20' title='bbox 642 439 736 525; x_wconf 76' lang='lat' dir='ltr'><strong>igitur</strong></span> <span class='ocrx_word' id='word_1_21' title='bbox 759 439 925 507; x_wconf 85' lang='lat' dir='ltr'><strong>houmodo</strong></span> <span class='ocrx_word' id='word_1_22' title='bbox 942 445 1041 510; x_wconf 89' lang='lat' dir='ltr'><strong>tendit</strong></span> 
     </span>
     <span class='ocr_line' id='line_1_4' title="bbox 115 517 1043 616; baseline 0.018 -34"><span class='ocrx_word' id='word_1_23' title='bbox 115 517 149 583; x_wconf 91' lang='lat' dir='ltr'><strong>in</strong></span> <span class='ocrx_word' id='word_1_24' title='bbox 182 519 295 605; x_wconf 88' lang='lat' dir='ltr'><strong>ipsum,</strong></span> <span class='ocrx_word' id='word_1_25' title='bbox 328 521 444 590; x_wconf 88' lang='lat' dir='ltr'><strong>soilioet</strong></span> <span class='ocrx_word' id='word_1_26' title='bbox 466 526 610 606; x_wconf 79' lang='lat' dir='ltr'><strong>emendo,</strong></span> <span class='ocrx_word' id='word_1_27' title='bbox 648 527 870 616; x_wconf 77' lang='lat' dir='ltr'>perfectissime</span> <span class='ocrx_word' id='word_1_28' title='bbox 893 533 1043 598; x_wconf 81' lang='lat' dir='ltr'><strong>moretur</strong></span> 
     </span>
     <span class='ocr_line' id='line_1_5' title="bbox 117 606 1039 705; baseline 0.018 -35"><span class='ocrx_word' id='word_1_29' title='bbox 117 606 150 671; x_wconf 92' lang='lat' dir='ltr'><strong>in</strong></span> <span class='ocrx_word' id='word_1_30' title='bbox 172 606 284 694; x_wconf 92' lang='lat' dir='ltr'><strong>ipsum.</strong></span> <span class='ocrx_word' id='word_1_31' title='bbox 307 607 410 676; x_wconf 84' lang='lat' dir='ltr'><strong>Omne</strong></span> <span class='ocrx_word' id='word_1_32' title='bbox 432 626 542 679; x_wconf 85' lang='lat' dir='ltr'><strong>nutem·</strong></span> <span class='ocrx_word' id='word_1_33' title='bbox 559 636 653 700; x_wconf 78' lang='lat' dir='ltr'><strong>egens</strong></span> <span class='ocrx_word' id='word_1_34' title='bbox 674 617 805 684; x_wconf 91' lang='lat' dir='ltr'><strong>intendit</strong></span> <span class='ocrx_word' id='word_1_35' title='bbox 817 617 1039 705; x_wconf 76' lang='lat' dir='ltr'><strong>perlectionem</strong></span> 
     </span>
     <span class='ocr_line' id='line_1_6' title="bbox 116 695 1041 796; baseline 0.018 -36"><span class='ocrx_word' id='word_1_36' title='bbox 116 695 149 760; x_wconf 91' lang='lat' dir='ltr'><strong>iu</strong></span> <span class='ocrx_word' id='word_1_37' title='bbox 172 697 317 783; x_wconf 86' lang='lat' dir='ltr'><strong>eoquod</strong></span> <span class='ocrx_word' id='word_1_38' title='bbox 340 699 411 785; x_wconf 77' lang='lat' dir='ltr'><strong>ogit.</strong></span> <span class='ocrx_word' id='word_1_39' title='bbox 437 701 493 767; x_wconf 87' lang='lat' dir='ltr'><strong>llio</strong></span> <span class='ocrx_word' id='word_1_40' title='bbox 516 703 610 788; x_wconf 81' lang='lat' dir='ltr'><strong>igitur</strong></span> <span class='ocrx_word' id='word_1_41' title='bbox 631 718 678 771; x_wconf 86' lang='lat' dir='ltr'><strong>est</strong></span> <span class='ocrx_word' id='word_1_42' title='bbox 700 706 769 772; x_wconf 92' lang='lat' dir='ltr'><strong>linis</strong></span> <span class='ocrx_word' id='word_1_43' title='bbox 793 709 885 773; x_wconf 88' lang='lat' dir='ltr'><strong>totius</strong></span> <span class='ocrx_word' id='word_1_44' title='bbox 908 709 961 796; x_wconf 86' lang='lat' dir='ltr'><strong>(l)</strong></span> <span class='ocrx_word' id='word_1_45' title='bbox 995 709 1041 776; x_wconf 91' lang='lat' dir='ltr'><strong>le·</strong></span> 
     </span>
     <span class='ocr_line' id='line_1_7' title="bbox 117 783 684 870; baseline 0.023 -23"><span class='ocrx_word' id='word_1_46' title='bbox 117 783 269 870; x_wconf 77' lang='lat' dir='ltr'><strong>gisletoris</strong></span> <span class='ocrx_word' id='word_1_47' title='bbox 292 799 326 852; x_wconf 90' lang='lat' dir='ltr'><strong>ut</strong></span> <span class='ocrx_word' id='word_1_48' title='bbox 348 789 443 855; x_wconf 84' lang='lat' dir='ltr'><strong>lromo</strong></span> <span class='ocrx_word' id='word_1_49' title='bbox 465 790 568 858; x_wconf 90' lang='lat' dir='ltr'><strong>Deum</strong></span> <span class='ocrx_word' id='word_1_50' title='bbox 591 808 684 860; x_wconf 81' lang='lat' dir='ltr'><strong>emet.</strong></span> 
     </span>
    </p>

    <p class='ocr_par' dir='ltr' id='par_1_2' title="bbox 117 873 1043 1321">
     <span class='ocr_line' id='line_1_8' title="bbox 184 873 1040 968; baseline 0.015 -29"><span class='ocrx_word' id='word_1_51' title='bbox 184 873 262 942; x_wconf 86' lang='lat' dir='ltr'><strong>Hine</strong></span> <span class='ocrx_word' id='word_1_52' title='bbox 284 890 331 941; x_wconf 87' lang='lat' dir='ltr'><strong>est</strong></span> <span class='ocrx_word' id='word_1_53' title='bbox 353 878 437 963; x_wconf 87' lang='lat' dir='ltr'><strong>quod</strong></span> <span class='ocrx_word' id='word_1_54' title='bbox 460 879 581 948; x_wconf 88' lang='lat' dir='ltr'><strong>dieitur:</strong></span> <span class='ocrx_word' id='word_1_55' title='bbox 604 883 693 948; x_wconf 81' lang='lat' dir='ltr'><strong>Finis</strong></span> <span class='ocrx_word' id='word_1_56' title='bbox 711 885 874 968; x_wconf 75' lang='lat' dir='ltr'><strong><em>praecepti</em></strong></span> <span class='ocrx_word' id='word_1_57' title='bbox 894 897 942 952; x_wconf 79' lang='lat' dir='ltr'><strong>rot</strong></span> <span class='ocrx_word' id='word_1_58' title='bbox 967 887 1040 952; x_wconf 84' lang='lat' dir='ltr'><strong>eltu-</strong></span> 
     </span>
     <span class='ocr_line' id='line_1_9' title="bbox 117 961 1043 1059; baseline 0.016 -33"><span class='ocrx_word' id='word_1_59' title='bbox 117 961 208 1042; x_wconf 78' lang='lat' dir='ltr'><strong>ritus,</strong></span> <span class='ocrx_word' id='word_1_60' title='bbox 234 964 247 1028; x_wconf 95' lang='lat' dir='ltr'><strong>l</strong></span> <span class='ocrx_word' id='word_1_61' title='bbox 276 964 368 1043; x_wconf 87' lang='lat' dir='ltr'><strong>Tim,</strong></span> <span class='ocrx_word' id='word_1_62' title='bbox 394 967 422 1045; x_wconf 91' lang='lat' dir='ltr'><strong>l,</strong></span> <span class='ocrx_word' id='word_1_63' title='bbox 447 969 478 1047; x_wconf 76' lang='lat'><strong>53</strong></span> <span class='ocrx_word' id='word_1_64' title='bbox 501 983 531 1034; x_wconf 89' lang='lat' dir='ltr'><strong>et</strong></span> <span class='ocrx_word' id='word_1_65' title='bbox 565 970 676 1040; x_wconf 78' lang='lat' dir='ltr'><strong>(licitur</strong></span> <span class='ocrx_word' id='word_1_66' title='bbox 698 973 782 1059; x_wconf 87' lang='lat' dir='ltr'><strong>quod</strong></span> <span class='ocrx_word' id='word_1_67' title='bbox 806 975 977 1040; x_wconf 79' lang='lat' dir='ltr'><strong>mom&#39;mum</strong></span> <span class='ocrx_word' id='word_1_68' title='bbox 1009 987 1043 1042; x_wconf 85' lang='lat' dir='ltr'><strong>et</strong></span> 
     </span>
     <span class='ocr_line' id='line_1_10' title="bbox 117 1053 1041 1148; baseline 0.016 -33"><span class='ocrx_word' id='word_1_69' title='bbox 117 1053 254 1138; x_wconf 80' lang='lat' dir='ltr'><strong>primum</strong></span> <span class='ocrx_word' id='word_1_70' title='bbox 277 1057 461 1122; x_wconf 81' lang='lat' dir='ltr'><strong>mundatum</strong></span> <span class='ocrx_word' id='word_1_71' title='bbox 484 1058 514 1122; x_wconf 93' lang='lat' dir='ltr'><strong>in</strong></span> <span class='ocrx_word' id='word_1_72' title='bbox 539 1059 608 1145; x_wconf 75' lang='lat' dir='ltr'><strong>lege</strong></span> <span class='ocrx_word' id='word_1_73' title='bbox 631 1074 687 1138; x_wconf 67' lang='grc' dir='ltr'><strong>εει</strong></span> <span class='ocrx_word' id='word_1_74' title='bbox 727 1062 844 1148; x_wconf 82' lang='lat' dir='ltr'><strong>Diliper</strong></span> <span class='ocrx_word' id='word_1_75' title='bbox 873 1063 1041 1130; x_wconf 85' lang='lat' dir='ltr'><strong>Dominum</strong></span> 
     </span>
     <span class='ocr_line' id='line_1_11' title="bbox 117 1141 1040 1238; baseline 0.015 -32"><span class='ocrx_word' id='word_1_76' title='bbox 117 1141 219 1206; x_wconf 85' lang='lat' dir='ltr'><strong>Deum</strong></span> <span class='ocrx_word' id='word_1_77' title='bbox 242 1153 339 1224; x_wconf 83' lang='lat' dir='ltr'><strong>tuum,</strong></span> <span class='ocrx_word' id='word_1_78' title='bbox 361 1145 477 1225; x_wconf 66' lang='lat' dir='ltr'><strong>Mettis,</strong></span> <span class='ocrx_word' id='word_1_79' title='bbox 507 1148 560 1225; x_wconf 68' lang='lat'><strong>92</strong></span> <span class='ocrx_word' id='word_1_80' title='bbox 584 1149 693 1216; x_wconf 81' lang='lat'>57-58.</span> <span class='ocrx_word' id='word_1_81' title='bbox 717 1149 792 1216; x_wconf 89' lang='lat' dir='ltr'><strong>ludo</strong></span> <span class='ocrx_word' id='word_1_82' title='bbox 815 1152 967 1238; x_wconf 90' lang='lat' dir='ltr'><strong>estquod</strong></span> <span class='ocrx_word' id='word_1_83' title='bbox 990 1153 1040 1220; x_wconf 87' lang='lat' dir='ltr'><strong>lex</strong></span> 
     </span>
     <span class='ocr_line' id='line_1_12' title="bbox 121 1235 1042 1321; baseline 0.013 -25"><span class='ocrx_word' id='word_1_84' title='bbox 121 1249 211 1310; x_wconf 84' lang='lat' dir='ltr'><strong>uoto,</strong></span> <span class='ocrx_word' id='word_1_85' title='bbox 237 1245 394 1318; x_wconf 76' lang='lat' dir='ltr'><strong>tamquam</strong></span> <span class='ocrx_word' id='word_1_86' title='bbox 425 1235 598 1321; x_wconf 77' lang='lat' dir='ltr'><strong>perlentium</strong></span> <span class='ocrx_word' id='word_1_87' title='bbox 621 1239 732 1305; x_wconf 86' lang='lat' dir='ltr'><strong>dieitur</strong></span> <span class='ocrx_word' id='word_1_88' title='bbox 755 1239 804 1306; x_wconf 84' lang='lat' dir='ltr'><strong>lex</strong></span> <span class='ocrx_word' id='word_1_89' title='bbox 841 1242 966 1308; x_wconf 82' lang='lat' dir='ltr'><strong>umoris:</strong></span> <span class='ocrx_word' id='word_1_90' title='bbox 991 1242 1042 1308; x_wconf 84' lang='lat' dir='ltr'><strong>lex</strong></span> 
     </span>
    </p>
   </div>
   <div class='ocr_carea' id='block_1_2' title="bbox 118 1327 1040 1474">
    <p class='ocr_par' dir='ltr' id='par_1_3' title="bbox 118 1327 1040 1474">
     <span class='ocr_line' id='line_1_13' title="bbox 122 1327 1040 1428; baseline 0.015 -44"><span class='ocrx_word' id='word_1_91' title='bbox 122 1333 225 1421; x_wconf 70' lang='lat' dir='ltr'><strong>eutem</strong></span> <span class='ocrx_word' id='word_1_92' title='bbox 264 1335 361 1400; x_wconf 82' lang='lat' dir='ltr'><strong>vetus,</strong></span> <span class='ocrx_word' id='word_1_93' title='bbox 395 1336 554 1412; x_wconf 78' lang='lat' dir='ltr'><strong>tamquam</strong></span> <span class='ocrx_word' id='word_1_94' title='bbox 595 1327 820 1416; x_wconf 78' lang='lat' dir='ltr'><strong>imperfectior,</strong></span> <span class='ocrx_word' id='word_1_95' title='bbox 854 1328 965 1428; x_wconf 85' lang='lat' dir='ltr'><strong>dieitur</strong></span> <span class='ocrx_word' id='word_1_96' title='bbox 991 1330 1040 1398; x_wconf 81' lang='lat' dir='ltr'><strong>lex</strong></span> 
     </span>
     <span class='ocr_line' id='line_1_14' title="bbox 118 1420 247 1474; baseline 0.031 -4"><span class='ocrx_word' id='word_1_97' title='bbox 118 1420 247 1474; x_wconf 82' lang='lat' dir='ltr'><strong>timoris.</strong></span> 
     </span>
    </p>
   </div>
   <div class='ocr_carea' id='block_1_3' title="bbox 409 1499 739 1572">
    <p class='ocr_par' dir='ltr' id='par_1_4' title="bbox 409 1499 739 1572">
     <span class='ocr_line' id='line_1_15' title="bbox 409 1499 739 1572; baseline 0.012 -4"><span class='ocrx_word' id='word_1_98' title='bbox 409 1499 590 1570; x_wconf 76' lang='lat' dir='ltr'><strong>clrnr</strong></span> <span class='ocrx_word' id='word_1_99' title='bbox 625 1503 739 1572; x_wconf 83' lang='lat' dir='ltr'><strong>cxvtt.</strong></span> 
     </span>
    </p>
   </div>
   <div class='ocr_carea' id='block_1_4' title="bbox 124 1674 1044 1770">
    <p class='ocr_par' dir='ltr' id='par_1_5' title="bbox 124 1674 1044 1770">
     <span class='ocr_line' id='line_1_16' title="bbox 124 1674 1044 1770; baseline 0.014 -31"><span class='ocrx_word' id='word_1_100' title='bbox 124 1675 214 1756; x_wconf 82' lang='lat' dir='ltr'><strong>Quod</strong></span> <span class='ocrx_word' id='word_1_101' title='bbox 224 1674 333 1741; x_wconf 82' lang='lat' dir='ltr'><strong>diuino</strong></span> <span class='ocrx_word' id='word_1_102' title='bbox 346 1677 411 1764; x_wconf 79' lang='lat' dir='ltr'><strong>iope</strong></span> <span class='ocrx_word' id='word_1_103' title='bbox 423 1681 607 1748; x_wconf 75' lang='lat' dir='ltr'><strong><em>ordinamur</em></strong></span> <span class='ocrx_word' id='word_1_104' title='bbox 629 1684 673 1750; x_wconf 85' lang='lat' dir='ltr'><strong>ud</strong></span> <span class='ocrx_word' id='word_1_105' title='bbox 687 1683 882 1750; x_wconf 81' lang='lat' dir='ltr'><strong>dilectionem</strong></span> <span class='ocrx_word' id='word_1_106' title='bbox 893 1687 1044 1770; x_wconf 70' lang='lat' dir='ltr'><strong>proximi.</strong></span> 
     </span>
    </p>
   </div>
   <div class='ocr_carea' id='block_1_5' title="bbox 123 1859 1055 3546">
    <p class='ocr_par' dir='ltr' id='par_1_6' title="bbox 123 1859 1045 2038">
     <span class='ocr_line' id='line_1_17' title="bbox 188 1859 1045 1949; baseline 0.005 -23"><span class='ocrx_word' id='word_1_107' title='bbox 188 1860 230 1926; x_wconf 83' lang='lat' dir='ltr'><strong>Eu</strong></span> <span class='ocrx_word' id='word_1_108' title='bbox 253 1859 436 1930; x_wconf 75' lang='lat' dir='ltr'><strong>hornutum</strong></span> <span class='ocrx_word' id='word_1_109' title='bbox 461 1862 600 1946; x_wconf 88' lang='lat' dir='ltr'><strong>sequitur</strong></span> <span class='ocrx_word' id='word_1_110' title='bbox 622 1860 707 1949; x_wconf 90' lang='lat' dir='ltr'><strong>quod</strong></span> <span class='ocrx_word' id='word_1_111' title='bbox 730 1859 835 1928; x_wconf 85' lang='lat' dir='ltr'><strong>divino</strong></span> <span class='ocrx_word' id='word_1_112' title='bbox 859 1859 908 1929; x_wconf 82' lang='lat' dir='ltr'><strong>lex</strong></span> <span class='ocrx_word' id='word_1_113' title='bbox 947 1863 1045 1930; x_wconf 81' lang='lat' dir='ltr'><strong>dilee-</strong></span> 
     </span>
     <span class='ocr_line' id='line_1_18' title="bbox 123 1950 689 2038; baseline 0 -22"><span class='ocrx_word' id='word_1_114' title='bbox 123 1950 238 2016; x_wconf 90' lang='lat' dir='ltr'><strong>tiooem</strong></span> <span class='ocrx_word' id='word_1_115' title='bbox 257 1951 387 2035; x_wconf 82' lang='lat' dir='ltr'><strong>proximi</strong></span> <span class='ocrx_word' id='word_1_116' title='bbox 411 1950 558 2016; x_wconf 86' lang='lat' dir='ltr'><strong>intendat.</strong></span> <span class='ocrx_word' id='word_1_117' title='bbox 687 2030 689 2038; x_wconf 18' lang='grc' dir='ltr'><strong><em>Α</em></strong></span> 
     </span>
    </p>

    <p class='ocr_par' dir='ltr' id='par_1_7' title="bbox 124 2036 1046 2462">
     <span class='ocr_line' id='line_1_19' title="bbox 172 2036 1045 2125; baseline 0.011 -27"><span class='ocrx_word' id='word_1_118' title='bbox 172 2036 319 2125; x_wconf 76' lang='lat' dir='ltr'><strong>¹Oportet</strong></span> <span class='ocrx_word' id='word_1_119' title='bbox 340 2039 424 2105; x_wconf 89' lang='lat' dir='ltr'><strong>enim</strong></span> <span class='ocrx_word' id='word_1_120' title='bbox 448 2040 596 2105; x_wconf 88' lang='lat' dir='ltr'><strong>uuionom</strong></span> <span class='ocrx_word' id='word_1_121' title='bbox 631 2059 700 2105; x_wconf 88' lang='lat' dir='ltr'><strong>esse</strong></span> <span class='ocrx_word' id='word_1_122' title='bbox 739 2038 867 2106; x_wconf 80' lang='lat' dir='ltr'><strong>effeetus</strong></span> <span class='ocrx_word' id='word_1_123' title='bbox 888 2039 968 2106; x_wconf 85' lang='lat' dir='ltr'><strong>inter</strong></span> <span class='ocrx_word' id='word_1_124' title='bbox 991 2061 1045 2108; x_wconf 79' lang='lat' dir='ltr'><strong>eos</strong></span> 
     </span>
     <span class='ocr_line' id='line_1_20' title="bbox 124 2126 1046 2213; baseline 0.003 -21"><span class='ocrx_word' id='word_1_125' title='bbox 124 2126 236 2213; x_wconf 87' lang='lat' dir='ltr'><strong>quibus</strong></span> <span class='ocrx_word' id='word_1_126' title='bbox 273 2141 319 2193; x_wconf 83' lang='lat' dir='ltr'><strong>est</strong></span> <span class='ocrx_word' id='word_1_127' title='bbox 357 2149 438 2194; x_wconf 91' lang='lat' dir='ltr'><strong>unus</strong></span> <span class='ocrx_word' id='word_1_128' title='bbox 475 2127 545 2194; x_wconf 86' lang='lat' dir='ltr'><strong>finis</strong></span> <span class='ocrx_word' id='word_1_129' title='bbox 582 2129 767 2194; x_wconf 85' lang='lat' dir='ltr'><strong>eommunis.</strong></span> <span class='ocrx_word' id='word_1_130' title='bbox 806 2127 1046 2196; x_wconf 86' lang='lat' dir='ltr'><strong>Communiuunt</strong></span> 
     </span>
     <span class='ocr_line' id='line_1_21' title="bbox 126 2216 1046 2298; baseline 0.002 -16"><span class='ocrx_word' id='word_1_131' title='bbox 126 2229 231 2282; x_wconf 82' lang='lat' dir='ltr'><strong>eutem</strong></span> <span class='ocrx_word' id='word_1_132' title='bbox 254 2216 397 2282; x_wconf 90' lang='lat' dir='ltr'><strong>homines</strong></span> <span class='ocrx_word' id='word_1_133' title='bbox 421 2217 451 2281; x_wconf 94' lang='lat' dir='ltr'><strong>in</strong></span> <span class='ocrx_word' id='word_1_134' title='bbox 476 2237 540 2282; x_wconf 90' lang='lat' dir='ltr'><strong>uno</strong></span> <span class='ocrx_word' id='word_1_135' title='bbox 563 2216 672 2281; x_wconf 92' lang='lat' dir='ltr'><strong>ultimo</strong></span> <span class='ocrx_word' id='word_1_136' title='bbox 696 2217 758 2282; x_wconf 84' lang='lat' dir='ltr'><strong>line</strong></span> <span class='ocrx_word' id='word_1_137' title='bbox 781 2217 1046 2298; x_wconf 62' lang='lat' dir='ltr'><strong>beatitudinum</strong></span> 
     </span>
     <span class='ocr_line' id='line_1_22' title="bbox 126 2303 1045 2394; baseline 0.004 -25"><span class='ocrx_word' id='word_1_138' title='bbox 126 2325 221 2391; x_wconf 90' lang='lat' dir='ltr'><strong>quem</strong></span> <span class='ocrx_word' id='word_1_139' title='bbox 259 2305 405 2371; x_wconf 84' lang='lat' dir='ltr'><strong>divinitus</strong></span> <span class='ocrx_word' id='word_1_140' title='bbox 442 2304 634 2370; x_wconf 79' lang='lat' dir='ltr'><strong>ordinamur.</strong></span> <span class='ocrx_word' id='word_1_141' title='bbox 671 2303 801 2392; x_wconf 88' lang='lat' dir='ltr'><strong>Oportet</strong></span> <span class='ocrx_word' id='word_1_142' title='bbox 838 2307 931 2393; x_wconf 79' lang='lat' dir='ltr'><strong>igitur</strong></span> <span class='ocrx_word' id='word_1_143' title='bbox 959 2307 1045 2394; x_wconf 89' lang='lat' dir='ltr'><strong>quod</strong></span> 
     </span>
     <span class='ocr_line' id='line_1_23' title="bbox 126 2393 984 2462; baseline 0.003 -3"><span class='ocrx_word' id='word_1_144' title='bbox 126 2395 273 2460; x_wconf 82' lang='lat' dir='ltr'><strong>uniantur</strong></span> <span class='ocrx_word' id='word_1_145' title='bbox 295 2395 438 2460; x_wconf 85' lang='lat' dir='ltr'><strong>homines</strong></span> <span class='ocrx_word' id='word_1_146' title='bbox 461 2393 501 2458; x_wconf 87' lang='lat' dir='ltr'><strong>od</strong></span> <span class='ocrx_word' id='word_1_147' title='bbox 524 2394 655 2458; x_wconf 81' lang='lat' dir='ltr'><strong>invicem</strong></span> <span class='ocrx_word' id='word_1_148' title='bbox 679 2407 786 2460; x_wconf 83' lang='lat' dir='ltr'><strong>mutuo</strong></span> <span class='ocrx_word' id='word_1_149' title='bbox 810 2395 984 2462; x_wconf 80' lang='lat' dir='ltr'><strong>dilectione.</strong></span> 
     </span>
    </p>

    <p class='ocr_par' dir='ltr' id='par_1_8' title="bbox 124 2480 1046 3013">
     <span class='ocr_line' id='line_1_24' title="bbox 193 2480 1044 2572; baseline 0.004 -24"><span class='ocrx_word' id='word_1_150' title='bbox 193 2482 311 2561; x_wconf 79' lang='lat' dir='ltr'><strong>Adhuc,</strong></span> <span class='ocrx_word' id='word_1_151' title='bbox 335 2483 530 2569; x_wconf 81' lang='lat' dir='ltr'><strong>Quicumque</strong></span> <span class='ocrx_word' id='word_1_152' title='bbox 553 2480 651 2566; x_wconf 77' lang='lat' dir='ltr'><strong>diligit</strong></span> <span class='ocrx_word' id='word_1_153' title='bbox 666 2482 812 2568; x_wconf 79' lang='lat' dir='ltr'><strong>aliquem,</strong></span> <span class='ocrx_word' id='word_1_154' title='bbox 849 2504 1044 2572; x_wconf 80' lang='lat' dir='ltr'><strong>consequeus</strong></span> 
     </span>
     <span class='ocr_line' id='line_1_25' title="bbox 129 2569 1044 2660; baseline 0.003 -23"><span class='ocrx_word' id='word_1_155' title='bbox 129 2583 176 2638; x_wconf 88' lang='lat' dir='ltr'><strong>est</strong></span> <span class='ocrx_word' id='word_1_156' title='bbox 199 2584 231 2636; x_wconf 95' lang='lat' dir='ltr'><strong>ut</strong></span> <span class='ocrx_word' id='word_1_157' title='bbox 254 2573 345 2638; x_wconf 82' lang='lat' dir='ltr'><strong>etiam</strong></span> <span class='ocrx_word' id='word_1_158' title='bbox 369 2571 474 2656; x_wconf 77' lang='lat' dir='ltr'><strong>diliget</strong></span> <span class='ocrx_word' id='word_1_159' title='bbox 497 2571 624 2636; x_wconf 83' lang='lat' dir='ltr'><strong>dilectos</strong></span> <span class='ocrx_word' id='word_1_160' title='bbox 648 2569 687 2636; x_wconf 78' lang='lat' dir='ltr'><strong>ab</strong></span> <span class='ocrx_word' id='word_1_161' title='bbox 709 2591 748 2635; x_wconf 88' lang='lat' dir='ltr'><strong>eo</strong></span> <span class='ocrx_word' id='word_1_162' title='bbox 771 2585 802 2636; x_wconf 90' lang='lat' dir='ltr'><strong>et</strong></span> <span class='ocrx_word' id='word_1_163' title='bbox 824 2591 878 2639; x_wconf 88' lang='lat' dir='ltr'><strong>eos</strong></span> <span class='ocrx_word' id='word_1_164' title='bbox 901 2575 954 2660; x_wconf 92' lang='lat' dir='ltr'><strong>qui</strong></span> <span class='ocrx_word' id='word_1_165' title='bbox 969 2595 1044 2640; x_wconf 88' lang='lat' dir='ltr'><strong>eon-</strong></span> 
     </span>
     <span class='ocr_line' id='line_1_26' title="bbox 124 2658 1043 2746; baseline 0.001 -19"><span class='ocrx_word' id='word_1_166' title='bbox 124 2659 224 2746; x_wconf 86' lang='lat' dir='ltr'><strong>junoti</strong></span> <span class='ocrx_word' id='word_1_167' title='bbox 247 2674 318 2728; x_wconf 91' lang='lat' dir='ltr'><strong>sunt</strong></span> <span class='ocrx_word' id='word_1_168' title='bbox 340 2660 379 2725; x_wconf 91' lang='lat' dir='ltr'><strong>ei.</strong></span> <span class='ocrx_word' id='word_1_169' title='bbox 402 2659 549 2726; x_wconf 85' lang='lat' dir='ltr'><strong>Homines</strong></span> <span class='ocrx_word' id='word_1_170' title='bbox 571 2671 675 2724; x_wconf 86' lang='lat' dir='ltr'><strong>nutem</strong></span> <span class='ocrx_word' id='word_1_171' title='bbox 699 2658 800 2725; x_wconf 83' lang='lat' dir='ltr'><strong>dilecti</strong></span> <span class='ocrx_word' id='word_1_172' title='bbox 824 2675 896 2726; x_wconf 91' lang='lat' dir='ltr'><strong>sum</strong></span> <span class='ocrx_word' id='word_1_173' title='bbox 925 2682 941 2726; x_wconf 85' lang='lat' dir='ltr'><strong>o</strong></span> <span class='ocrx_word' id='word_1_174' title='bbox 964 2663 1043 2742; x_wconf 88' lang='lat' dir='ltr'><strong>Deo,</strong></span> 
     </span>
     <span class='ocr_line' id='line_1_27' title="bbox 130 2747 1045 2836; baseline 0.001 -21"><span class='ocrx_word' id='word_1_175' title='bbox 130 2750 245 2836; x_wconf 87' lang='lat' dir='ltr'><strong>quibus</strong></span> <span class='ocrx_word' id='word_1_176' title='bbox 269 2749 412 2835; x_wconf 83' lang='lat' dir='ltr'><strong>suiipsius</strong></span> <span class='ocrx_word' id='word_1_177' title='bbox 434 2747 612 2814; x_wconf 79' lang='lat' dir='ltr'><strong>fruitionem</strong></span> <span class='ocrx_word' id='word_1_178' title='bbox 650 2747 737 2835; x_wconf 85' lang='lat' dir='ltr'><strong>quasi</strong></span> <span class='ocrx_word' id='word_1_179' title='bbox 771 2748 912 2814; x_wconf 87' lang='lat' dir='ltr'><strong>ultimum</strong></span> <span class='ocrx_word' id='word_1_180' title='bbox 949 2749 1045 2816; x_wconf 89' lang='lat' dir='ltr'><strong>finem</strong></span> 
     </span>
     <span class='ocr_line' id='line_1_28' title="bbox 130 2835 1046 2926; baseline 0.003 -24"><span class='ocrx_word' id='word_1_181' title='bbox 130 2837 366 2926; x_wconf 81' lang='lat' dir='ltr'><strong>praedisposuit.</strong></span> <span class='ocrx_word' id='word_1_182' title='bbox 405 2835 534 2924; x_wconf 84' lang='lat' dir='ltr'><strong>Oportet</strong></span> <span class='ocrx_word' id='word_1_183' title='bbox 571 2839 663 2922; x_wconf 75' lang='lat' dir='ltr'><strong>igitur</strong></span> <span class='ocrx_word' id='word_1_184' title='bbox 696 2850 741 2916; x_wconf 91' lang='lat' dir='ltr'><strong>ut,</strong></span> <span class='ocrx_word' id='word_1_185' title='bbox 779 2837 856 2903; x_wconf 85' lang='lat' dir='ltr'><strong>siout</strong></span> <span class='ocrx_word' id='word_1_186' title='bbox 879 2837 988 2924; x_wconf 84' lang='lat' dir='ltr'><strong>aliquis</strong></span> <span class='ocrx_word' id='word_1_187' title='bbox 1011 2839 1046 2906; x_wconf 85' lang='lat' dir='ltr'><strong>fit</strong></span> 
     </span>
     <span class='ocr_line' id='line_1_29' title="bbox 130 2925 917 3013; baseline -0.001 -20"><span class='ocrx_word' id='word_1_188' title='bbox 130 2926 262 2994; x_wconf 80' lang='lat' dir='ltr'><strong>dilector</strong></span> <span class='ocrx_word' id='word_1_189' title='bbox 284 2926 353 3006; x_wconf 85' lang='lat' dir='ltr'><strong>Dei,</strong></span> <span class='ocrx_word' id='word_1_190' title='bbox 376 2926 416 2991; x_wconf 82' lang='lat' dir='ltr'><strong>ito</strong></span> <span class='ocrx_word' id='word_1_191' title='bbox 438 2925 531 2991; x_wconf 84' lang='lat' dir='ltr'><strong>etiem</strong></span> <span class='ocrx_word' id='word_1_192' title='bbox 555 2925 608 2990; x_wconf 85' lang='lat' dir='ltr'><strong>liat</strong></span> <span class='ocrx_word' id='word_1_193' title='bbox 630 2925 758 2991; x_wconf 83' lang='lat' dir='ltr'><strong>dilector</strong></span> <span class='ocrx_word' id='word_1_194' title='bbox 775 2925 917 3013; x_wconf 81' lang='lat' dir='ltr'><strong>proximi.</strong></span> 
     </span>
    </p>

    <p class='ocr_par' dir='ltr' id='par_1_9' title="bbox 130 3013 1055 3546">
     <span class='ocr_line' id='line_1_30' title="bbox 197 3013 1051 3102; baseline 0.002 -21"><span class='ocrx_word' id='word_1_195' title='bbox 197 3015 347 3102; x_wconf 79' lang='lat' dir='ltr'><strong>Amplius,</strong></span> <span class='ocrx_word' id='word_1_196' title='bbox 371 3013 448 3080; x_wconf 90' lang='lat' dir='ltr'><strong>Cum</strong></span> <span class='ocrx_word' id='word_1_197' title='bbox 472 3014 567 3080; x_wconf 88' lang='lat' dir='ltr'><strong>homo</strong></span> <span class='ocrx_word' id='word_1_198' title='bbox 590 3014 629 3078; x_wconf 91' lang='lat' dir='ltr'><strong>sit</strong></span> <span class='ocrx_word' id='word_1_199' title='bbox 650 3015 830 3080; x_wconf 80' lang='lat' dir='ltr'><strong>naturaliter</strong></span> <span class='ocrx_word' id='word_1_200' title='bbox 853 3013 968 3081; x_wconf 85' lang='lat' dir='ltr'><strong>onimul</strong></span> <span class='ocrx_word' id='word_1_201' title='bbox 1001 3037 1051 3083; x_wconf 80' lang='lat' dir='ltr'><strong>so—</strong></span> 
     </span>
     <span class='ocr_line' id='line_1_31' title="bbox 131 3101 1054 3189; baseline 0.002 -21"><span class='ocrx_word' id='word_1_202' title='bbox 131 3102 219 3183; x_wconf 75' lang='lat' dir='ltr'><strong>ciale,</strong></span> <span class='ocrx_word' id='word_1_203' title='bbox 241 3103 360 3189; x_wconf 76' lang='lat' dir='ltr'><strong>indiget</strong></span> <span class='ocrx_word' id='word_1_204' title='bbox 382 3103 421 3169; x_wconf 86' lang='lat' dir='ltr'><strong>ob</strong></span> <span class='ocrx_word' id='word_1_205' title='bbox 445 3103 511 3168; x_wconf 81' lang='lat' dir='ltr'><strong>eliis</strong></span> <span class='ocrx_word' id='word_1_206' title='bbox 542 3101 720 3169; x_wconf 89' lang='lat' dir='ltr'><strong>hominibus</strong></span> <span class='ocrx_word' id='word_1_207' title='bbox 742 3103 880 3189; x_wconf 77' lang='lat' dir='ltr'><strong>adjuvari</strong></span> <span class='ocrx_word' id='word_1_208' title='bbox 904 3102 942 3169; x_wconf 86' lang='lat' dir='ltr'><strong>ud</strong></span> <span class='ocrx_word' id='word_1_209' title='bbox 979 3124 1054 3172; x_wconf 88' lang='lat' dir='ltr'><strong>eon·</strong></span> 
     </span>
     <span class='ocr_line' id='line_1_32' title="bbox 130 3191 1055 3280; baseline 0.003 -22"><span class='ocrx_word' id='word_1_210' title='bbox 130 3192 327 3280; x_wconf 85' lang='lat' dir='ltr'><strong>sequendum</strong></span> <span class='ocrx_word' id='word_1_211' title='bbox 350 3193 510 3279; x_wconf 89' lang='lat' dir='ltr'><strong>proprium</strong></span> <span class='ocrx_word' id='word_1_212' title='bbox 534 3191 640 3268; x_wconf 89' lang='lat' dir='ltr'><strong>linem;</strong></span> <span class='ocrx_word' id='word_1_213' title='bbox 654 3191 740 3279; x_wconf 89' lang='lat' dir='ltr'><strong>quod</strong></span> <span class='ocrx_word' id='word_1_214' title='bbox 764 3192 1055 3260; x_wconf 84' lang='lat' dir='ltr'><strong>convenientissime</strong></span> 
     </span>
     <span class='ocr_line' id='line_1_33' title="bbox 130 3279 1054 3352; baseline 0.004 -5"><span class='ocrx_word' id='word_1_215' title='bbox 130 3279 167 3347; x_wconf 85' lang='lat' dir='ltr'><strong>fit</strong></span> <span class='ocrx_word' id='word_1_216' title='bbox 204 3281 369 3348; x_wconf 79' lang='lat' dir='ltr'><strong>dilectione</strong></span> <span class='ocrx_word' id='word_1_217' title='bbox 406 3293 513 3346; x_wconf 86' lang='lat' dir='ltr'><strong>mutuo</strong></span> <span class='ocrx_word' id='word_1_218' title='bbox 547 3279 628 3346; x_wconf 88' lang='lat' dir='ltr'><strong>iuter</strong></span> <span class='ocrx_word' id='word_1_219' title='bbox 651 3280 794 3347; x_wconf 87' lang='lat' dir='ltr'><strong>homines</strong></span> <span class='ocrx_word' id='word_1_220' title='bbox 817 3282 976 3348; x_wconf 82' lang='lat' dir='ltr'><strong>existente.</strong></span> <span class='ocrx_word' id='word_1_221' title='bbox 1012 3283 1054 3352; x_wconf 82' lang='lat' dir='ltr'><strong>Ex</strong></span> 
     </span>
     <span class='ocr_line' id='line_1_34' title="bbox 131 3367 1054 3456; baseline 0.004 -20"><span class='ocrx_word' id='word_1_222' title='bbox 131 3367 203 3454; x_wconf 80' lang='lat' dir='ltr'><strong>lege</strong></span> <span class='ocrx_word' id='word_1_223' title='bbox 226 3369 319 3454; x_wconf 77' lang='lat' dir='ltr'><strong>igitur</strong></span> <span class='ocrx_word' id='word_1_224' title='bbox 341 3369 410 3448; x_wconf 89' lang='lat' dir='ltr'><strong>Dei,</strong></span> <span class='ocrx_word' id='word_1_225' title='bbox 445 3389 526 3456; x_wconf 82' lang='lat' dir='ltr'><strong>quoe</strong></span> <span class='ocrx_word' id='word_1_226' title='bbox 566 3369 709 3436; x_wconf 87' lang='lat' dir='ltr'><strong>homines</strong></span> <span class='ocrx_word' id='word_1_227' title='bbox 737 3371 768 3436; x_wconf 90' lang='lat' dir='ltr'><strong>in</strong></span> <span class='ocrx_word' id='word_1_228' title='bbox 791 3371 936 3438; x_wconf 91' lang='lat' dir='ltr'><strong>ultimum</strong></span> <span class='ocrx_word' id='word_1_229' title='bbox 960 3371 1054 3440; x_wconf 88' lang='lat' dir='ltr'><strong>linem</strong></span> 
     </span>
     <span class='ocr_line' id='line_1_35' title="bbox 131 3457 911 3546; baseline 0.004 -22"><span class='ocrx_word' id='word_1_230' title='bbox 131 3457 249 3544; x_wconf 79' lang='lat' dir='ltr'><strong>dirigit,</strong></span> <span class='ocrx_word' id='word_1_231' title='bbox 272 3457 459 3546; x_wconf 79' lang='lat' dir='ltr'><strong>praecipitur</strong></span> <span class='ocrx_word' id='word_1_232' title='bbox 479 3459 511 3524; x_wconf 91' lang='lat' dir='ltr'><strong>in</strong></span> <span class='ocrx_word' id='word_1_233' title='bbox 534 3457 623 3524; x_wconf 89' lang='lat' dir='ltr'><strong>uobis</strong></span> <span class='ocrx_word' id='word_1_234' title='bbox 647 3471 754 3525; x_wconf 83' lang='lat' dir='ltr'><strong>mutuo</strong></span> <span class='ocrx_word' id='word_1_235' title='bbox 777 3458 911 3528; x_wconf 84' lang='lat' dir='ltr'><strong>dileetio.</strong></span> 
     </span>
    </p>
   </div>
   <div class='ocr_carea' id='block_1_6' title="bbox 183 3560 895 3638">
    <p class='ocr_par' dir='ltr' id='par_1_10' title="bbox 183 3560 895 3638">
     <span class='ocr_line' id='line_1_36' title="bbox 183 3560 895 3638; baseline 0.008 -22"><span class='ocrx_word' id='word_1_236' title='bbox 183 3560 224 3636; x_wconf 86' lang='lat' dir='ltr'><strong>(l)</strong></span> <span class='ocrx_word' id='word_1_237' title='bbox 249 3562 341 3620; x_wconf 72' lang='lat' dir='ltr'><strong>Totius</strong></span> <span class='ocrx_word' id='word_1_238' title='bbox 359 3562 536 3638; x_wconf 70' lang='lat' dir='ltr'><strong>deputatum,</strong></span> <span class='ocrx_word' id='word_1_239' title='bbox 553 3566 570 3619; x_wconf 87' lang='lat' dir='ltr'><strong>i.</strong></span> <span class='ocrx_word' id='word_1_240' title='bbox 588 3580 612 3621; x_wconf 87' lang='grc' dir='ltr'><strong>ε.</strong></span> <span class='ocrx_word' id='word_1_241' title='bbox 631 3566 715 3620; x_wconf 87' lang='lat' dir='ltr'><strong>omnis</strong></span> <span class='ocrx_word' id='word_1_242' title='bbox 733 3565 895 3637; x_wconf 77' lang='lat' dir='ltr'><strong>legislatoris.</strong></span> 
     </span>
    </p>
   </div>
   <div class='ocr_carea' id='block_1_7' title="bbox 0 0 1270 3972">
    <p class='ocr_par' dir='ltr' id='par_1_11' title="bbox 0 0 1270 3972">
     <span class='ocr_line' id='line_1_37' title="bbox 0 0 1270 3972; baseline 0 0"><span class='ocrx_word' id='word_1_243' title='bbox 0 0 1270 3972; x_wconf 95' lang='lat' dir='ltr'><strong> </strong></span> 
     </span>
    </p>
   </div>
  </div>
 </body>
</html>
