2516 3968
238 223 305 290 466
340 223 344 244 '
545 245 600 291 nra.
625 246 665 291 nr.
688 245 750 291 err.
775 243 849 304 caru.

235 313 281 378 eis
302 312 481 380 crederetur
503 335 575 380 vera
598 313 771 380 dicentibus
794 314 834 379 de
846 311 895 378 his
911 330 991 398 qnae
1014 310 1158 378 homines

238 402 370 488 experiri
394 423 456 468 non
480 417 619 490 possunt;
642 403 725 468 unde
749 402 958 470 necessarium
970 398 1026 466 init
1037 399 1157 466 donum

237 490 433 578 prophetiae,
455 512 511 580 per
533 492 617 580 quod
640 490 740 558 futura
769 505 800 558 et
834 509 915 578 quae
952 490 1159 556 communiter

237 579 382 645 homines
420 580 525 658 latent,
564 581 631 646 Deo
666 581 833 654 revelante,
867 593 989 666 possent
1013 577 1158 644 homines

236 687 426 753 cognoscere
449 683 479 735 et
502 669 569 735 aliis
596 669 743 750 indicare3
776 681 810 734 ut
843 670 898 747 sic,
933 667 1007 734 duna
1041 668 1073 731 in
1110 666 1158 732 his

236 756 449 823 invenirentur
470 778 546 824 vera
566 757 679 838 dicere,
702 760 734 824 in
758 758 909 844 hisquae
931 769 1003 822 sunt
1018 754 1090 820 fidei
1113 755 1158 822 eis

235 845 425 912 crederetur.
450 845 537 913 Unde
559 847 722 934 Apostolus
745 846 830 912 dicit:
854 845 889 911 Si
911 855 1015 912 nutem
1051 863 1158 910 omnes

232 935 429 1018 prophetent,
451 937 546 1001 intret
568 947 672 1000 nutem
694 937 764 1020 quii
786 935 923 1022 infidelia
959 933 1009 999 ved
1046 934 1157 1014 idiota,

236 1024 428 1089 conuincitur
450 1024 490 1090 ab
513 1023 664 1105 omnihus,
701 1025 892 1110 dijudicetur
929 1020 970 1088 ob
1004 1021 1157 1100 omnihus

147 1115 150 1122 ’
235 1113 356 1178 occulto
379 1114 482 1178 cudis
497 1115 562 1199 cjttr
585 1113 752 1198 morrisecto
773 1115 859 1201 fiunt,
896 1122 926 1176 et
960 1111 1007 1176 ito
1043 1111 1156 1176 cudens

235 1201 403 1286 infaciem
425 1201 572 1268 adorabit
595 1203 704 1282 Deum,
721 1201 929 1287 pronuntians
966 1199 1049 1285 quod
1085 1221 1156 1266 nere

235 1289 321 1374 Detur
343 1292 376 1355 in
397 1291 484 1356 vobit
505 1293 555 1370 cit,
580 1291 595 1356 i
622 1291 703 1371 Con,
725 1291 779 1369 bd,
795 1291 848 1358 ab.

302 1378 371 1444 Non
394 1394 498 1445 autem
522 1401 576 1466 per
601 1380 659 1446 hoc
675 1380 853 1467 prophetiae
869 1377 986 1444 donum
997 1375 1153 1444 sufficiens

236 1467 448 1534 testiinonium
471 1468 544 1534 fidei
566 1468 775 1547 adhiberetur,
798 1469 855 1534 nisi
871 1480 951 1532 esset
962 1464 1001 1528 de
1013 1465 1060 1530 his
1074 1486 1154 1552 quae

238 1575 257 1621 a
279 1557 345 1622 solo
362 1557 429 1623 Deo
452 1558 595 1643 cognosci
619 1571 756 1644 possunt;
777 1557 855 1623 sicut
877 1554 1066 1620 etmirhcula
1082 1554 1153 1620 talia

236 1658 309 1710 aunt
331 1645 415 1732 quod
437 1647 521 1712 solus
550 1646 634 1712 Deus
656 1667 692 1712 ea
709 1659 806 1734 potest
828 1645 957 1732 operari.
970 1641 1154 1728 hujusmodi

239 1747 345 1799 autem
368 1735 531 1822 praecipue
553 1749 625 1802 sunt
647 1734 678 1800 in
702 1735 795 1801 rebus
817 1733 1011 1800 inferioribus
1034 1732 1154 1798 occulta

213 1823 391 1898 wordiam,
415 1843 495 1909 quac
524 1824 607 1889 solus
641 1823 725 1890 Deus
758 1841 944 1908 cognoscere
976 1833 1087 1909 potest,
1121 1834 1154 1888 ut

237 1930 330 1997 supra
356 1909 389 1993 (i.
415 1912 444 1990 i,
466 1931 493 1977 c.
516 1911 572 1994 68)
597 1924 754 1978 ostensum
777 1926 832 1990 cst,
848 1924 878 1978 et
900 1910 1001 1976 futura
1035 1911 1154 1976 contin·

239 1999 355 2083 gentio,
379 2017 458 2084 qnae
481 2001 573 2065 etiam
596 2001 654 2068 soli
678 2000 799 2068 divinae
820 2000 988 2085 cognitioni
1011 1999 1154 2079 subsunt,

237 2086 310 2174 quia
328 2107 370 2152 ea
394 2089 425 2152 in
448 2088 555 2175 seipsis
593 2089 684 2168 uidet,
722 2109 793 2155 cunr
829 2089 890 2154 sint
913 2089 941 2153 ei
980 2087 1153 2174 praesentia

237 2176 357 2242 ratione
374 2176 794 2264 suneacternitatis‚utsupra
807 2176 841 2261 (Ι.
856 2177 1153 2262 i‚c.67)ostensum

237 2277 293 2330 est.
318 2265 450 2331 Possunt
475 2279 578 2332 tamen
601 2267 701 2354 aliqua
724 2267 826 2332 t'ntura
837 2265 1044 2351 contingentia
1060 2265 1153 2332 etiam

237 2353 278 2418 ab
302 2353 479 2421 bominibus
502 2355 731 2442 praecognosci‚
748 2376 809 2422 non
822 2354 948 2441 quidem
970 2355 1154 2441 inquantum

236 2439 339 2506 intura
362 2455 443 2522 sunt,
466 2445 521 2509 sed
544 2445 575 2510 in
599 2445 792 2531 quantumin
806 2445 906 2510 causis
927 2444 991 2510 suis
1013 2445 1154 2530 praeexi-
1246 2507 1247 2518 ,

169 2523 174 2539 ‘
236 2543 332 2608 stunt;
352 2531 467 2619 quibus
488 2533 617 2618 cognitis
641 2533 688 2598 vei
711 2532 1003 2619 secundumscipsa
1026 2531 1075 2596 vei
1098 2553 1155 2619 per

237 2618 357 2706 aliquos
379 2620 504 2686 effectus
527 2641 634 2687 earnm
646 2619 833 2699 manifestos,
855 2620 1155 2707 quaesignadicun·

236 2720 297 2786 tur,
321 2707 360 2773 de
383 2707 535 2795 aliquibus
559 2709 849 2776 effectibusiuturis
862 2723 962 2796 potest
974 2710 1013 2776 ab
1025 2709 1155 2776 homine

238 2797 447 2885 praecognitio
471 2797 589 2876 haberi;
628 2799 706 2866 sicut
743 2797 882 2865 medicus
920 2801 1155 2886 praecognoscit

236 2900 371 2952 murtena
401 2885 448 2951 uel
483 2887 645 2952 sanitatem
679 2885 813 2954 futuram
846 2907 884 2952 ex
920 2898 1000 2954 statu
1034 2888 1155 2954 uirtutis

236 2976 393 3050 naturalis,
419 2995 514 3063 quam
536 2976 692 3061 cognoscit
708 2976 810 3062 pulsu,
823 2977 912 3042 urina
925 2991 956 3042 et
972 2975 1154 3063 hujusmodi

236 3064 342 3148 signis.
365 3062 548 3149 hujumodi
560 3077 664 3130 autem
686 3065 820 3150 cognitio
842 3064 1026 3132 futurorum
1042 3066 1154 3153 partim

236 3151 363 3238 quidem
385 3166 467 3218 certa
489 3165 546 3232 est,
568 3153 683 3241 partina
703 3152 831 3238 quidem
843 3153 969 3231 incerta3
982 3169 1054 3220 sunt
1068 3155 1155 3220 enim

236 3240 390 3328 quaedam
401 3261 511 3308 causae
531 3243 768 3328 praeexistentes
780 3262 818 3309 ex
834 3243 946 3327 quibus
969 3241 1062 3310 futuri
1079 3241 1156 3310 cise-
1243 3279 1244 3290 ι

235 3345 303 3396 ctus
318 3349 355 3394 ex
367 3331 547 3398 necessitate
569 3329 811 3418 currseqnuntnr,
828 3333 916 3410 sicut,
929 3333 1157 3420 praeexistente

234 3418 457 3505 compositione
479 3438 517 3485 ex
538 3421 698 3494 contrariis
722 3421 754 3486 in
770 3419 907 3501 animali,
921 3439 958 3488 ex
970 3422 1154 3488 necessitate

149 3531 151 3535 v
236 3509 482 3593 seqnitnrr'ncru
503 3507 787 3606 quibusdamque
808 3510 909 3580 causis
919 3509 1153 3604 praeexistenti·
