2494 3970
224 251 267 316 ΞΟ
561 272 617 317 can.
634 273 675 317 ιιι.
700 272 763 317 ιιι.
787 271 826 314 ιιι.

224 338 415 426 simpliciter,
439 340 493 407 sed
517 339 657 427 alicujus,
680 353 714 406 ut
736 340 851 407 dictum
887 352 941 404 est.
976 337 1008 404 Si
1044 349 1150 404 autem

226 429 264 492 sit
290 429 358 495 talis
381 429 510 516 privatio
533 449 613 516 quae
636 430 733 518 privet
757 429 787 495 id
810 428 893 515 quod
928 440 975 493 est
1008 427 1149 492 debitum

223 531 382 602 generato,
404 519 462 583 erit
485 519 609 584 casuale
631 534 661 585 et
695 519 874 606 simpliciter
907 516 1036 594 malum,
1070 516 1150 581 sicut

223 627 295 672 cum
318 621 487 673 nascuntur
509 622 614 694 partus
638 609 835 684 monstruose
872 606 931 672 hoc
965 605 1049 670 enim
1084 624 1149 670 nun

224 698 423 783 consequitur
446 696 486 762 de
508 697 689 763 necessitate
711 696 751 762 ad
775 697 805 762 id
828 694 911 783 quud
925 696 1150 770 estintentum,

225 783 279 848 sed
303 797 349 851 est
370 785 398 850 ei
422 805 608 872 repugnans,
643 806 714 852 cum
748 805 843 871 agens
878 783 1016 849 intendat
1049 781 1150 868 perle-

226 874 360 940 ctionem
383 875 532 958 generati.
555 911 600 922 —
621 875 735 940 llalum
759 891 862 942 autern
885 873 1013 938 actionis
1037 870 1150 936 accidit

226 962 257 1026 in
280 962 471 1028 naturalibus
494 963 656 1049 egentibus
679 985 716 1030 ex
740 962 860 1028 delectu
885 961 1004 1027 virtutis
1020 961 1153 1036 activae;

227 1050 320 1128 unde,
343 1051 368 1115 si
407 1071 502 1135 agens
540 1053 633 1118 babet
670 1054 814 1118 virtutem
857 1049 1050 1127 defectivam,
1088 1049 1151 1114 lroc

227 1138 344 1205 malum
368 1140 566 1226 consequitur
588 1158 709 1229 praeter
743 1141 955 1215 intentionenr,
990 1138 1045 1204 sed
1084 1157 1149 1202 non

227 1228 284 1291 erit
307 1229 440 1307 casuale,
462 1229 535 1315 quia·
556 1229 596 1294 de
618 1231 798 1296 necessitate
821 1244 867 1294 est
897 1246 1092 1313 consequens
1108 1225 1150 1290 ad

227 1316 320 1382 talem
345 1331 488 1403 agentem
510 1338 581 1383 eum
607 1321 667 1384 tale
705 1339 800 1404 agens
815 1318 862 1382 vel
881 1336 1005 1402 semper
1028 1315 1074 1380 vel
1087 1313 1150 1379 ire·

226 1418 359 1490 quenter
380 1407 495 1494 patitur
517 1410 601 1472 bunc
630 1410 748 1474 virtutis
773 1407 939 1482 delectum3
963 1408 1020 1470 erit
1042 1417 1151 1468 autem

226 1495 360 1573 casuale,
382 1497 408 1561 si
448 1497 498 1561 bie
521 1495 658 1563 delectus
689 1518 759 1562 raro
791 1497 884 1562 talem
918 1495 1087 1560 comitatur¹
1117 1513 1150 1555 a·

226 1585 462 1666 gentem-dn
502 1587 664 1668 agentibus
687 1600 791 1652 autern
816 1583 995 1651 voluntariis
1018 1581 1150 1647 intentio

227 1685 273 1736 est
296 1673 335 1738 ad
359 1673 476 1738 bonum
500 1673 624 1761 aliquod
649 1675 840 1762 particulare,
870 1673 895 1739 si
933 1671 1026 1737 debet
1059 1673 1151 1757 sequi

227 1761 317 1837 acti03
341 1783 413 1826 nam
437 1762 621 1828 universalia
645 1781 708 1828 non
731 1776 866 1840 movent,
878 1761 932 1827 sed
949 1759 1149 1848 particularia

227 1849 258 1911 in
282 1849 394 1934 quibus
417 1861 463 1914 est
486 1863 580 1917 actus.
608 1852 641 1917 Si
664 1851 756 1938 igitur
793 1849 868 1916 illud
907 1850 1023 1916 bonum
1062 1849 1149 1934 quod

226 1936 394 2004 intenditur
418 1938 529 2004 habeat
552 1940 747 2026 conjunctam
773 1940 976 2028 privationem
1000 1937 1073 2002 boni
1097 1957 1149 2002 se-

224 2025 362 2091 cundum
386 2027 538 2092 rationem
562 2031 610 2095 vel
633 2048 756 2116 semper
792 2029 840 2094 vel
870 2028 1060 2115 frequenter,
1081 2033 1149 2090 ‘se-

223 2114 327 2197 quitur
349 2117 467 2180 malum
492 2119 619 2196 morale,
645 2139 707 2184 non
731 2119 904 2195 casualiter,
920 2117 975 2181 sed
998 2115 1046 2180 vel
1062 2133 1150 2179 sern-

222 2221 279 2286 per
301 2203 348 2268 vel
370 2203 558 2290 frequenter,
581 2209 659 2272 sicut
686 2220 768 2294 patet
806 2209 837 2272 in
860 2225 898 2270 eo
922 2207 973 2291 qni
1010 2203 1075 2270 vult
1102 2205 1149 2268 uti

222 2289 336 2356 semina
360 2307 486 2380 propter
508 2294 755 2374 delectationem,
778 2295 828 2361 cui
857 2293 1051 2360 delectationi
1089 2292 1147 2356 ad-

218 2380 325 2463 juncta
349 2396 394 2447 est
417 2382 604 2450 inordinatio
625 2384 779 2461 adulterii3
803 2383 887 2450 unde
911 2383 1028 2447 malum
1059 2379 1149 2445 adul·

224 2469 291 2532 terii
315 2489 378 2535 non
401 2472 541 2558 sequitur
563 2473 738 2551 casualiter3
762 2486 843 2538 esset
882 2483 986 2536 autern
1019 2470 1148 2535 casuale

223 2556 352 2636 malum,
374 2559 400 2625 si
422 2560 460 2624 ad
484 2560 514 2625 id
538 2562 622 2648 quod
646 2561 777 2627 intendit
799 2573 980 2648 sequeretur
1018 2559 1148 2644 aliquod

222 2662 385 2729 peccatum
411 2663 444 2712 ut
467 2649 498 2714 in
536 2651 742 2738 paucioribus,
766 2649 844 2715 sicut
869 2669 941 2714 cum
979 2649 1048 2732 quis
1072 2667 1148 2732 pro—

220 2733 331 2817 jiciens
355 2736 394 2801 ad
418 2758 507 2802 avem
536 2739 679 2804 interficit
716 2739 886 2804 bominem.
911 2737 1003 2818 Quod
1040 2748 1149 2801 autem

223 2821 401 2907 hujusmodi
427 2827 507 2890 bona
536 2828 650 2914 aliquis
683 2827 821 2893 intendat
860 2839 893 2892 ut
927 2829 957 2890 in
992 2823 1148 2911 pluribus,

222 2913 334 2998 quibus
358 2917 544 3002 privationes
577 2917 649 2982 boni
684 2916 856 2982 secundum
892 2915 1043 2980 rationem
1067 2933 1144 2978 con·

221 3017 401 3087 sequantur,
424 3025 461 3069 ex
486 3005 544 3070 boc
567 3006 707 3092 provenit
729 3005 813 3091 quod
837 3005 942 3088 plures
964 3003 1070 3067 vivunt
1093 3022 1145 3067 se·
1243 3041 1244 3048 ι

221 3092 357 3158 cundum
381 3093 519 3173 sensum,
541 3094 679 3181 eoquod
702 3093 857 3160 sensibilia
879 3106 950 3157 sunt
973 3090 1144 3156 nobisma-

118 3229 124 3247 ι
219 3178 328 3246 nilicsta
351 3197 382 3248 et
415 3184 512 3267 magis
547 3182 713 3248 ellicaeiter
747 3181 903 3246 moventia
939 3179 971 3244 in
1007 3181 1145 3266 particu-

220 3266 345 3347 laribus,
367 3271 522 3358 inquibus
545 3285 592 3336 est
614 3271 764 3358 operatior
788 3269 827 3334 ad
852 3268 939 3355 plura
967 3281 1069 3332 autem
1097 3283 1145 3334 ta·

219 3356 295 3420 lium
319 3359 472 3425 bonorum
509 3362 648 3447 sequitur
687 3357 816 3446 privatio
855 3357 928 3422 boni
966 3357 1143 3426 secundum

220 3445 370 3513 rationem
394 3451 456 3534 (l).

272 3550 310 3621 ll)
328 3551 473 3636 Spccadcm
490 3557 626 3608 rationem.
645 3579 680 3592 -
700 3551 801 3604 Bonum
819 3549 940 3604 sensibile
959 3565 1016 3622 ¹seu
1042 3550 1147 3606 bonum
