2516 3968
431 239 488 288 uin.
513 241 553 286 ur.
578 239 641 286 cnr.
664 240 760 286 cuvru.
1003 219 1068 286 tra

149 309 245 378 ltomo
267 308 379 376 auxilio
403 311 518 397 gratiae
541 311 579 376 ad
603 323 715 376 statum
740 306 932 374 rectitudinis
962 310 1069 376 redeat

148 400 356 466 necessarium
380 397 531 486 estquod
554 421 570 464 a
595 414 730 487 peccato,
767 418 823 484 per
844 397 928 484 quod
966 419 983 464 a
1014 419 1071 464 re·

148 489 295 554 ctitudine
318 488 532 565 declinaverat,
560 488 693 553 recedat.
717 488 762 564 Et,
796 487 867 570 quia
905 487 999 552 lromo
1036 489 1069 552 in

148 577 292 644 ultimum
316 577 409 643 tinem
433 575 572 662 dirigitur
594 591 624 641 et
647 579 686 644 ab
723 596 761 642 eo
799 575 945 640 avertitur
982 595 1069 663 prae-

148 666 238 754 cipue
262 684 317 754 per
339 666 538 746 uoluntatem,
560 685 622 730 non
645 666 745 732 solum
781 665 989 730 necessarium
1023 675 1070 731 est

147 755 231 842 quod
255 755 349 821 homo
373 755 514 822 exteriori
538 770 607 820 acto
631 775 647 819 a
676 767 800 841 peccato
839 753 974 832 recedat,
996 773 1069 840 pec·
1105 797 1109 812 ·

146 865 217 909 care
240 843 395 924 desinens,
418 843 472 908 sed
496 844 588 908 etiam
623 844 706 930 quod
741 841 866 910 recedat
900 841 1068 921 voluntate,

147 933 186 998 ad
210 934 269 998 hoc
292 933 375 1019 quod
399 951 453 1018 per
476 933 605 1017 gratiam
628 953 645 996 a
670 946 793 1018 peccato
834 945 984 1016 resurgat.
1008 930 1069 999 Vc·-

145 1019 262 1086 luntate
285 1035 388 1086 autem
412 1021 507 1086 homo
532 1041 548 1084 a
574 1034 700 1106 peccato
723 1019 839 1087 recedit
874 1020 948 1084 dum
972 1019 1066 1086 etde

146 1111 310 1198 praeterito
334 1109 468 1197 poenitet
491 1122 522 1174 et
544 1107 682 1174 loturum
707 1110 802 1174 uitare
830 1109 982 1195 proponit.
1006 1109 1066 1175 Ne-

145 1199 312 1264 cessarium
336 1211 382 1264 est
404 1197 497 1283 igitur
520 1197 603 1284 quod
627 1198 723 1264 homo
753 1219 769 1263 a
804 1212 929 1282 peccato
963 1218 1065 1264 resur·

144 1305 222 1372 gens
245 1291 337 1352 etde
360 1301 485 1374 peceato
519 1288 686 1372 praeterito
720 1288 876 1374 poeniteat
897 1299 929 1352 et
961 1285 1064 1354 lutura

144 1375 241 1440 uitare
279 1388 429 1463 proponat
446 1424 459 1440 ..
485 1373 517 1440 Si
540 1375 624 1445 enim
649 1375 743 1440 homo
781 1395 844 1440 non
882 1389 1068 1463 proponeret

136 1464 291 1529 desistere
329 1485 346 1530 a
384 1467 519 1551 peccato,
557 1483 618 1528 non
657 1477 737 1529 esset
774 1475 932 1550 peccatum
955 1483 1065 1530 secun·

142 1553 217 1618 dum
255 1573 288 1618 se
319 1545 506 1618 contrarium
530 1551 676 1617 voluntati
699 1554 813 1638 (suae):
836 1553 861 1616 si
899 1572 972 1618 vero
1003 1552 1065 1618 vel-

142 1639 186 1707 let
208 1641 353 1707 desistere
375 1662 392 1706 a
416 1653 541 1727 peccato
557 1638 614 1724 (et)
650 1655 838 1706 nontamen
874 1640 991 1706 doleret
1025 1641 1065 1709 dc

143 1744 270 1818 peccato
294 1731 469 1816 praeterito,
494 1749 557 1794 non
581 1744 662 1794 esset
686 1729 760 1794 illud
800 1729 882 1794 idem
905 1745 1065 1817 peccatum

143 1819 228 1905 quod
251 1817 322 1884 lecit
344 1819 531 1885 eontrarium
554 1817 701 1884 voluntati
725 1817 838 1906 (suae).
876 1819 927 1884 Est
961 1833 1065 1886 autem

144 1908 316 1973 contrarius
339 1921 442 1973 motus
475 1927 537 1992 quo
572 1907 611 1974 ab
645 1907 747 1995 aliquo
781 1907 935 1973 receditur
968 1909 1066 1976 motui

144 1996 269 2084 quoad
293 1995 367 2062 illud
392 2000 580 2083 pervenitur,
603 1997 682 2062 sicut
721 1995 874 2063 dealbatio
912 1999 1064 2064 contraria

144 2098 191 2151 est
214 2085 427 2170 denigrationi.
451 2083 538 2149 Unde
561 2099 680 2170 oportet
702 2085 786 2171 quod
820 2106 875 2171 per
912 2087 1064 2154 contrariu

143 2173 286 2239 uoluntas
310 2173 434 2238 recedat
458 2193 475 2236 a
498 2186 624 2259 peccato
647 2173 695 2239 liis
718 2194 773 2259 per
806 2193 885 2258 quae
923 2174 954 2238 in
993 2194 1064 2260 peu·

132 2275 246 2329 'cutum
270 2261 414 2327 inclinata
437 2259 493 2324 luit
516 2261 577 2345 (l).
613 2263 681 2326 Fuit
718 2275 822 2326 autem
855 2260 998 2327 inclinata
1032 2263 1063 2328 in

142 2365 302 2438 peccatum
326 2369 382 2437 per
405 2348 577 2435 appetitum
599 2362 630 2415 et
653 2349 889 2415 delectationem
912 2350 992 2418 circa
1014 2371 1064 2432 res

141 2439 313 2506 inferiores.
337 2436 466 2526 Oportet
488 2437 583 2522 igitur
606 2437 690 2524 quod
724 2459 743 2521 a
777 2451 901 2524 peccato
940 2435 1064 2507 recedat

141 2548 198 2617 per
221 2529 322 2614 aliqua
345 2526 498 2615 poenalia,
521 2527 632 2612 quibus
666 2525 822 2611 allligatur
856 2541 981 2615 propter
1003 2528 1064 2596 hoc

138 2616 225 2704 ,quod
251 2618 397 2704 peccavit;
422 2616 605 2682 sicutenim
629 2635 684 2702 per
707 2616 943 2681 delectationem
968 2631 1065 2686 tracta.

142 2705 200 2773 luit
221 2704 361 2772 voluutas
384 2703 423 2770 ad
445 2724 630 2770 consensum
655 2705 785 2791 peccatis
804 2705 848 2770 sic
869 2724 925 2792 per
946 2724 1063 2791 poenas

134 2792 346 2861 confirmatur
367 2794 398 2859 in
420 2793 648 2860 abominatione
671 2793 797 2881 peccati.

209 2883 297 2962 hcm,
319 2882 465 2947 Videmus
487 2881 570 2968 quod
606 2882 697 2947 etiam
735 2883 826 2948 bruta
863 2881 1008 2948 animalia
1045 2902 1063 2949 a

142 2973 284 3038 maximis
306 2970 512 3059 uoluptatibus
535 2971 734 3036 retrahuntur
757 2990 813 3057 per
846 2969 970 3036 dolores
994 2990 1063 3036 ver·

142 3059 264 3128 berum.
287 3057 416 3148 Oportet
438 3073 541 3124 autem
564 3080 636 3125 eum
659 3059 712 3145 qui
735 3059 774 3124 de
812 3071 937 3145 peccato
960 3079 1064 3124 resur·

140 3149 185 3234 git
206 3149 392 3217 non‘solum
416 3147 558 3213 detestari
581 3163 742 3234 peecatum
773 3149 986 3234 praeteritum,
1008 3147 1063 3214 sed

139 3237 233 3304 etiam
256 3238 351 3304 vitare
371 3235 519 3303 futurum.
543 3236 593 3302 Est
616 3237 707 3322 igitur
740 3236 927 3304 conueniens
953 3249 992 3303 ut
1012 3234 1062 3302 al·

195 3375 234 3445 (l)
252 3375 325 3430 Ordo
343 3375 485 3430 verborum
503 3381 552 3429 est:
571 3351 645 3429 Unde
670 3381 775 3446 oportet
793 3375 867 3445 quod·
883 3375 1005 3430 voluutas
1022 3389 1064 3428 re·

136 3447 374 3578 pppppapapppppto
405 3463 453 3520 per
480 3447 613 3515 contrariu
644 3447 684 3502 his
707 3461 755 3518 per
786 3461 854 3518 quae
880 3447 908 3502 iu
928 3454 1063 3518 peccatum
