2452 3970
219 235 282 302 tun
517 256 572 299 nvn.
597 255 637 299 ιιι.
662 251 725 299 mr.
751 249 809 298 ιιιι.
1212 249 1213 328 p

216 325 351 390 divinam
386 323 590 390 substantiam
613 322 796 401 videndam,
833 335 867 388 ut
904 341 941 388 er
980 321 1151 408 praedietis
1212 351 1213 358 ι

215 427 306 500 patet.
330 413 409 498 Ergo
433 425 553 500 oportet
576 412 659 498 quod
682 427 830 496 angeatur
852 413 878 475 ei
903 411 998 476 virtus
1021 412 1059 476 ad
1085 412 1150 477 boc

214 503 297 588 quod
321 501 359 566 ed
381 501 472 566 talem
498 503 646 566 visionem
671 503 837 587 perveniat.
860 499 927 566 Non
959 499 1073 565 suffieit
1088 519 1146 565 au-

215 608 276 656 tem
300 605 501 674 augmentum
516 610 570 676 per
593 591 802 662 intensionem
821 589 991 656 naturalem
1014 590 1147 667 virtutis,

214 683 285 766 quia
321 679 388 745 talis
426 680 502 744 visio
541 694 602 742 non
641 693 687 744 est
726 678 864 764 ejusdem
908 678 1033 743 rationis
1069 697 1147 742 curn

213 771 330 834 visione
354 768 483 832 naturali
508 767 679 832 intellectus
703 770 807 844 crenti3
831 767 913 855 quod
937 785 973 833 ex
997 767 1143 831 distantia

212 859 349 923 visorum
375 869 466 943 patet.
484 853 613 944 Oportet
634 857 727 940 igitur
748 857 831 943 quod
863 857 916 922 liat
938 871 1143 942 augmentum

212 948 330 1011 virtutis
354 944 555 1012 intellectivae
578 965 634 1031 per
656 944 784 1031 alicujus
807 967 905 1011 novae
933 945 1144 1032 dispositionis

211 1035 418 1122 adeptionem.

277 1125 356 1206 Quia
380 1143 452 1188 vero
475 1122 736 1208 incognitionem
759 1122 996 1208 intelligibilium
1017 1143 1052 1188 ex
1068 1141 1142 1188 sen-

212 1213 352 1279 sibilibus
392 1211 597 1296 pervenimus,
636 1212 728 1276 ctiam
767 1213 921 1278 sensibilis
957 1212 1143 1295 cognitionis

211 1303 337 1367 nomina
361 1301 399 1366 ad
423 1299 644 1384 intelligibilem
669 1301 877 1385 cognitionem
906 1301 1141 1370 transumimus.

211 1399 240 1456 et
264 1391 427 1478 praecipue
450 1409 529 1476 quae
563 1390 716 1474 pertinent
749 1389 788 1454 ad
821 1391 931 1463 risum.
969 1389 1021 1475 qui
1059 1390 1143 1453 inter

211 1495 348 1549 caeteros
371 1499 478 1544 sensus
503 1477 635 1544 nobilior
658 1489 704 1544 est
733 1493 764 1543 et
786 1479 974 1565 spiritualior
1010 1495 1045 1542 ac
1082 1497 1142 1564 per

211 1569 270 1634 boc
287 1569 450 1635 intellectui
475 1566 605 1642 affinior,
628 1579 659 1631 et
681 1567 753 1632 inde
777 1568 929 1654 estquod
961 1567 1026 1653 ipsa
1051 1565 1141 1630 intel·

210 1658 347 1724 lectualis
369 1657 504 1742 cognitio
526 1656 708 1722 nominatur
725 1656 813 1734 visio;
829 1671 870 1736 et,
885 1657 957 1742 quia
969 1655 1141 1741 corporalis

210 1748 287 1812 visio
310 1768 372 1811 non
395 1746 568 1831 completur
590 1745 646 1809 nisi
671 1765 726 1832 per
762 1745 875 1823 lucem,
898 1765 934 1811 ea
973 1765 990 1808 a
1024 1743 1140 1830 quibus

210 1834 424 1901 intellectualis
447 1835 522 1899 visio
545 1833 702 1920 perficitur
725 1835 800 1900 lucis
823 1855 938 1900 nomen
961 1848 1141 1909 assumunt3

211 1924 293 1990 unde
316 1937 346 1988 et
370 1923 544 1988 Aristoteles
569 1922 636 2012 (de
658 1922 777 2000 Animo,
801 1925 831 2003 5,
847 1938 920 1989 text.
944 1941 1057 1989 comm.
1074 1921 1138 2010 l8)

208 2013 397 2078 intellectum
421 2025 562 2096 agentern
585 2011 645 2076 luci
670 2012 825 2090 assimilat,
862 2033 899 2078 ex
922 2031 960 2077 eo
984 2011 1067 2096 quod
1090 2013 1138 2075 in-

210 2103 349 2168 tellectus
372 2119 466 2186 agens
490 2099 561 2165 iacit
582 2099 783 2186 intelligibilia
807 2103 837 2166 in
861 2115 943 2180 actu,
981 2101 1061 2165 sicut
1082 2099 1137 2164 lux

207 2190 438 2276 quodammodo
461 2188 532 2254 lacit
555 2187 683 2254 visibilia
707 2190 737 2254 in
767 2204 846 2254 actu.
883 2190 935 2256 llla
958 2189 1051 2273 igitur
1088 2187 1138 2253 di·

206 2281 332 2366 spositio
356 2299 414 2365 qua
431 2278 602 2344 intellectus
624 2291 745 2344 oreatus
767 2279 805 2343 ad
829 2278 1066 2346 intellectualem
1091 2278 1138 2342 di-

206 2372 301 2434 vinae
319 2369 507 2433 substantiae
541 2367 690 2432 visionem
727 2366 882 2433 extollitur
908 2385 1045 2451 congrue
1084 2366 1137 2432 lun

207 2459 323 2540 gloriae
346 2457 466 2532 dicitur,
491 2475 553 2521 non
578 2468 703 2542 propter
726 2456 786 2522 boe
823 2457 906 2542 quod
931 2455 1022 2522 faciat
1044 2456 1137 2521 intel·

203 2547 320 2632 ligibile
343 2548 373 2610 in
397 2559 476 2625 actu,
497 2545 575 2610 sicut
597 2544 649 2608 lux
671 2543 842 2611 intellectus
858 2547 986 2632 agentis,
1001 2545 1057 2610 setl
1074 2559 1136 2630 per¹

205 2635 358 2722 hocquod
375 2634 444 2700 lacit
456 2634 645 2699 intellectum
662 2633 829 2720 patientem
860 2649 930 2700 antu
951 2634 1135 2720 intelligere.

181 2731 211 2778 Ἀ
272 2726 337 2790 lloe
360 2737 463 2789 autern
487 2736 533 2787 est
556 2722 663 2786 lumen
697 2722 736 2787 de
770 2743 832 2809 quo
866 2723 986 2790 dicitur:
1010 2723 1048 2787 In
1087 2726 1135 2788 ln·
1216 2747 1217 2752 ¹

204 2816 287 2879 mine
312 2827 361 2879 tuo
384 2812 557 2878 uidebimus
581 2813 692 2888 lumen,
715 2811 839 2891 Psalm,
863 2813 916 2893 stt,
942 2814 994 2891 lc,
1018 2811 1135 2878 scilicet

204 2903 325 2969 divinae
348 2901 549 2975 substantiae,
572 2912 602 2964 et
625 2899 745 2967 dicitur:
773 2901 901 2977 Ciuitas,
924 2901 1041 2968 scilicet
1064 2900 1136 2966 beo·

204 3007 401 3073 torum,fnon
425 3001 490 3075 egat
513 2990 578 3054 nole
601 3009 696 3074 neque
721 2991 804 3067 lana,
829 3011 903 3056 nom
921 2992 1053 3056 claritas
1078 2990 1137 3054 Dei

202 3082 394 3148 illuminavit
413 3079 515 3158 illam,
539 3080 642 3163 Apoc,
666 3080 719 3158 ll,
735 3079 789 3156 nn
802 3094 832 3144 et
844 3081 964 3145 dicitur:
982 3080 1053 3144 Non
1074 3080 1137 3144 en't

204 3171 259 3236 tibi
281 3171 417 3254 simplius
439 3169 487 3235 eoi
509 3169 551 3233 orl
565 3167 727 3232 incenderant
749 3169 1134 3254 perdiemmeqneapten-

201 3262 261 3324 dor
284 3262 375 3324 tonan
397 3255 589 3324 illuminabit
613 3267 650 3321 te:
674 3257 730 3322 ocal
753 3259 813 3322 erit
836 3257 891 3323 tibi
925 3258 1077 3322 lloma'nua
1099 3257 1132 3320 in

201 3351 298 3415 lucem
321 3350 551 3431 sempiternom,
574 3355 603 3408 et
627 3346 709 3411 Dens
733 3360 802 3411 tuna
823 3349 855 3410 in
878 3346 1012 3432 gloriam
1035 3357 1132 3421 tuom,

200 3438 268 3502 lsai.
303 3438 356 3512 60,
381 3437 432 3502 tt).
457 3435 531 3500 lntle
554 3447 600 3499 est
622 3437 726 3514 etiam,
764 3434 835 3520 quia
859 3436 924 3502 Deo
962 3447 1010 3502 eet
1046 3433 1131 3499 idem

202 3545 270 3592 esse
293 3525 376 3614 quod
399 3525 571 3608 intelligere
595 3536 626 3587 et
648 3537 694 3588 est
731 3524 875 3589 omnibus
913 3543 1005 3589 causa
1039 3522 1135 3588 intel·
