2452 3970
378 281 434 324 tre.
459 279 499 324 ιιι.
517 275 674 324 ·ειι.·ιιιι.
949 259 1011 324 teo

88 348 230 432 ultimum
262 367 355 434 quern
390 349 474 414 Deus
511 343 652 423 intendit,
678 343 805 410 seilicet
839 344 1010 412 bonitatem

88 437 234 515 divinam,
258 436 440 502 ordinantur
469 457 530 516 res,
553 455 616 500 non
640 432 741 498 solum
766 453 821 519 per
844 435 904 500 boe
926 436 1012 521 quod

87 539 267 611 operantur,
289 525 343 590 sed
367 545 422 612 per
445 525 505 591 hoc
528 521 612 612 quod
628 534 711 595 sunt3
727 524 812 607 quia,
828 523 1013 610 inquantum

86 627 166 692 sunt,
191 613 316 680 divinae
340 614 483 679 bonitatis
507 609 741 679 similitudinem
772 625 893 695 gerunt,
928 613 1013 698 quod

86 715 129 768 εει
153 703 226 768 finis
251 723 368 782 rerum,
392 716 540 788 utsupra
574 713 732 766 ostensum
767 713 813 765 est
837 702 892 783 (c.
918 701 959 766 te
983 716 1014 768 et

85 791 163 877 ⁶2⁰).
188 791 237 856 Ad
261 791 396 856 divinam
420 792 513 876 igitur
538 788 763 877 providentiam
773 788 913 875 pertinet
928 791 1014 877 quod

85 901 133 946 res
158 893 384 946 conserventur
407 881 438 945 in
462 900 539 945 esse.

149 969 241 1048 Item,
266 967 396 1056 Oportet
418 969 501 1056 quod
528 967 611 1033 idem
643 967 682 1032 sit
704 987 795 1032 eausa
818 968 863 1032 rei
888 980 917 1032 ει
940 987 1014 1034 aon·

84 1058 269 1124 servationis
292 1059 398 1145 ipsius3
422 1079 497 1122 narn
521 1057 713 1122 conservatio
735 1058 790 1121 rei
804 1075 867 1120 non
885 1069 938 1122 est
954 1059 1013 1123 nisi

85 1148 277 1213 continuatio
301 1167 368 1213 essa
391 1147 506 1233 ipsius„
530 1145 698 1212 Ostensum
722 1159 768 1210 est
792 1157 895 1225 autem
919 1167 1013 1234 supra

87 1236 135 1318 (Ι.
161 1237 194 1316 2,
219 1257 247 1301 e.
271 1237 313 1302 ⁶25
337 1251 368 1302 et
387 1237 459 1319 ί24)
484 1235 568 1322 quod
598 1234 694 1312 Deus,
729 1254 897 1320 persuum
922 1235 1013 1301 intel·

84 1322 199 1390 lectum
225 1337 257 1390 et
281 1325 480 1401 voluntatem,
504 1337 550 1390 est
583 1343 675 1387 causa
709 1321 831 1388 essendi
867 1325 1013 1390 omnibus

85 1413 188 1478 rebus.
216 1414 322 1498 igitur,
345 1433 513 1500 persuum
538 1411 781 1477 inattenuata
810 1411 1014 1494 voluntatem,

87 1515 252 1567 conservat
275 1523 325 1568 res
348 1523 457 1568 omnes
479 1502 511 1566 in
535 1521 612 1567 εεεε.

153 1592 245 1670 item,
268 1589 392 1656 Nullum
417 1590 600 1678 particuiare
618 1586 713 1674 agens
730 1589 897 1654 univocum
913 1603 1014 1676 potest

88 1679 272 1768 simpliciter
294 1700 363 1746 εεεε
385 1699 475 1746 causa
506 1677 632 1765 speciei,
656 1677 735 1742 siout
757 1677 808 1742 hic
830 1678 926 1743 homo
949 1699 1014 1744 non

88 1781 188 1852 potest
212 1789 281 1835 esse
296 1789 388 1834 causa
405 1768 518 1855 speciei
542 1767 708 1844 humanam
723 1779 804 1831 esset
819 1767 902 1831 enim
920 1787 1013 1834 causa

15 1907 18 1914 ι
89 1855 247 1936 hominis,
281 1869 311 1922 et
341 1877 397 1945 per
430 1875 623 1942 consequens
660 1856 814 1942 suiipsius,
849 1856 934 1942 quod
968 1870 1014 1924 εει

93 1943 292 2031 impossibile
321 1960 368 2011 est
391 1958 495 2010 autem
529 1965 621 2010 eausa
644 1943 694 2009 hic
712 1943 814 2010 ¹homo
842 1944 935 2030 hujus
959 1946 1013 2011 ho·

92 2035 183 2100 minis
206 2055 264 2122 per
285 2055 319 2100 se
352 2035 519 2120 loquendo.
543 2034 598 2099 Hic
621 2046 725 2098 autern
749 2034 845 2098 homo
879 2049 925 2099 est
947 2055 1015 2121 ,per

91 2119 150 2187 hoo
173 2123 259 2210 quod
283 2137 391 2188 natura
416 2123 550 2188 humana
574 2135 620 2186 εει
643 2125 674 2186 in
699 2121 757 2186 hac
780 2125 919 2200 materia,
936 2143 1016 2208 quae

90 2213 190 2277 estin
215 2211 468 2277 individuationis
504 2211 699 2298 principium.
724 2209 779 2274 Hic
802 2211 896 2295 igitur
919 2213 1015 2278 humo

90 2317 152 2364 non
176 2313 223 2366 est
247 2321 338 2366 causa
363 2301 511 2376 hominis,
540 2300 600 2364 nisi
625 2300 808 2384 inquantum
843 2312 889 2364 est
923 2321 1015 2366 causa

91 2389 172 2470 quod
200 2389 299 2456 forma
324 2389 459 2454 humana
483 2389 535 2454 fiat
552 2389 583 2452 in
600 2387 658 2454 hae
674 2389 813 2452 materia.
831 2389 895 2454 Hoc
912 2404 1016 2455 auteur

92 2490 136 2560 ost
166 2498 236 2544 esse
275 2478 459 2565 principium
495 2476 705 2563 generationis
740 2476 831 2563 hujus
870 2479 1016 2549 hominis.

91 2561 177 2631 Patet
208 2587 284 2653 crgo
305 2567 389 2653 quod
413 2587 470 2639 nec
505 2567 555 2632 hio
579 2568 674 2631 homo
698 2585 756 2630 nec
779 2565 905 2653 aliquod
929 2568 1015 2633 aliud

92 2671 186 2737 agens
210 2659 377 2722 univocum
401 2657 433 2721 in
457 2668 565 2722 natura
589 2667 635 2719 est
665 2673 758 2719 causa
793 2656 850 2720 nisi
889 2676 1018 2740 genera-

92 2741 182 2810 tionis
204 2745 255 2810 vei
279 2746 371 2832 hujus
394 2746 442 2810 vei
464 2745 546 2818 iilius
569 2743 624 2809 rei.
649 2740 779 2829 Oportet
795 2757 898 2808 autern
922 2745 1017 2830 ipsius

92 2834 203 2915 speciei
228 2834 383 2898 humanae
407 2853 474 2898 esse
499 2833 632 2918 aliquam
657 2851 712 2917 per
733 2851 1018 2918 secausamagen-

93 2929 164 2997 tem3
188 2921 273 3008 quod
296 2923 391 3009 ipsius
414 2921 596 3010 compositio
628 2918 764 2984 ostendit
797 2934 828 2984 et
863 2921 1017 2987 ordinatio

37 3061 41 3070 .
93 3010 237 3090 partium,
260 3031 340 3096 quae
375 3010 486 3075 eodem
510 3009 605 3074 modo
630 3027 664 3072 se
688 3007 785 3072 habet
807 3008 837 3072 in
863 3010 1019 3088 omnibus,

95 3095 151 3160 nisi
175 3120 231 3185 per
253 3099 395 3164 accidens
426 3098 622 3184 impedietur;
657 3107 688 3160 ει
726 3094 835 3160 eadem
872 3098 948 3160 ratio
972 3113 1019 3163 est

95 3181 133 3247 de
156 3187 300 3252 omnibus
323 3188 390 3252 aliis
413 3185 575 3274 speciebus
592 3203 698 3249 rerum
722 3184 919 3249 naturalium.
936 3185 1018 3252 Haec

96 3285 197 3340 autem
221 3297 312 3342 eausa
335 3289 382 3342 est
405 3275 500 3356 Deus,
524 3273 572 3339 vel
595 3271 733 3336 mediate
757 3271 805 3336 vet
829 3274 1019 3354 immediate,

98 3373 255 3430 ostensum
292 3377 338 3430 est
375 3365 458 3430 eninr
498 3363 589 3448 (ta,
613 3381 639 3427 c.
663 3361 711 3446 6)
749 3360 834 3446 quod
869 3362 934 3448 ipse
973 3378 1020 3428 est

98 3453 234 3518 omniurn
258 3473 362 3519 rerum
384 3474 476 3518 causa
503 3453 612 3539 prima.
651 3447 781 3536 Oportet
818 3469 893 3536 crgo
933 3451 1017 3536 quod
1057 3497 1059 3502 -

99 3532 164 3620 lpse
186 3561 219 3608 se
242 3543 301 3610 hoo
324 3542 418 3608 modo
442 3541 554 3608 habeat
579 3538 618 3606 ad
652 3539 918 3606 conservationem
938 3561 1016 3628 spe·
