2514 3972
233 228 298 295 out
332 226 336 232 '
441 249 497 296 na.
521 249 552 294 n.
576 248 639 295 ona.
663 249 759 297 cxxvi.
785 249 820 294 ar
842 249 950 296 aaron.

231 316 450 386 commixtione
473 317 598 386 carnali.
623 318 818 406 impossibile,
852 331 898 384 est
931 320 1023 403 igitur
1061 319 1151 404 quud
1245 335 1246 368 ι

231 407 409 475 commixtio
431 409 562 474 carnalis
583 407 622 472 sit
643 408 815 474 suoundum
839 428 873 474 εε
896 409 990 473 mala.

296 495 374 564 Hine
396 510 441 562 est
463 497 548 584 quod
586 496 707 562 dieitur:
743 497 853 563 Mulier
887 516 950 561 non
984 507 1105 580 peccat,
1127 499 1155 562 si
1245 505 1246 518 ¹

228 583 335 654 riuum.
360 585 375 651 l
403 585 472 652 Cor.
497 588 529 666 7,
553 585 605 652 56.

296 674 356 739 Per
377 674 437 742 hoa
470 689 573 741 autem
611 673 783 741 excluditur
820 693 909 740 error
941 673 1151 759 quorumdam

228 761 396 830 dicentium
433 783 559 830 omnem
597 764 752 828 carnalem
798 765 1049 848 coniunctionem
1084 781 1152 827 osae

227 851 376 930 illicitam3
398 852 482 918 unde
520 851 653 918 totaliter
691 854 925 918 matrimonium
958 867 989 917 ει
1027 851 1152 938 nuptias
1245 909 1246 916 ,

227 940 385 1020 damnant;
408 961 540 1028 quorum
565 940 691 1028 quidum
730 942 789 1009 hoo
826 941 898 1006 ideo
935 941 1042 1006 dicunt
1077 941 1153 1026 quia·

226 1029 356 1132 uretlunt
380 1031 570 1119 temporalia,
594 1051 657 1096 non
679 1051 697 1096 a
721 1031 815 1110 bono,
837 1032 892 1096 sed
916 1050 933 1095 a
957 1029 1040 1094 malo
1063 1031 1152 1116 prins

226 1137 307 1205 orpto
329 1139 408 1186 esse.

506 1294 679 1363 CAPUT
713 1296 857 1364 CXXVll.

228 1472 318 1554 Quod
339 1473 458 1540 nullior
479 1472 540 1539 cni
561 1495 635 1540 usna
658 1485 705 1540 est
723 1485 885 1558 peccatum
906 1475 1074 1542 secundum
1097 1496 1141 1540 se.

287 1648 371 1716 Sicut
393 1663 497 1716 autem
522 1671 725 1716 venerearum
750 1673 824 1716 usus
859 1651 979 1738 absque
1017 1665 1148 1739 peccato

221 1751 278 1817 ost,
301 1739 326 1804 si
349 1739 520 1806 seeundum
542 1741 694 1807 rationem
718 1741 780 1816 liat,
804 1742 845 1806 ita
883 1742 976 1806 etiam
1016 1756 1047 1806 ει
1072 1762 1147 1808 usus

221 1827 373 1892 ciborum.
393 1829 444 1893 'Fit
467 1843 569 1894 autem
594 1832 840 1917 unumquodque
862 1831 1035 1896 sauundum
1052 1832 1144 1898 ratio·

221 1935 293 1980 nem
317 1915 441 2002 quando
477 1918 637 1984 ordinatur
671 1920 843 1985 sennodum
877 1920 962 2006 quod
999 1921 1144 2005 congruit

220 2000 324 2070 debito
348 2004 410 2070 lini.
435 2006 518 2072 Finis
544 2021 647 2072 autem
671 2007 792 2072 debitus
804 2009 988 2094 sumptionis
1000 2009 1144 2075 ciborum
1245 2047 1246 2056 ι

168 2129 175 2148 ·
220 2105 267 2158 εει
288 2095 478 2160 conservatio
502 2096 640 2183 corporis
664 2098 977 2183 per'nutrimentum.
994 2097 1145 2179 Quinum·
1245 2145 1246 2148 ,

219 2201 281 2268 que
304 2182 396 2268 igitur
417 2185 504 2250 uibus
529 2185 587 2251 hoo
610 2184 711 2250 lucere
734 2199 844 2271 potest,
867 2186 985 2272 absque
1015 2201 1144 2272 peooato

219 2284 319 2356 potest
341 2273 431 2338 sumi.
456 2272 575 2340 Nullius
599 2273 691 2360 igitur
713 2275 773 2339 oibi
796 2275 931 2362 sumptio
966 2274 1143 2340 secundnm

217 2377 251 2424 se
273 2373 319 2426 est
349 2374 520 2447 peceatum.

282 2447 401 2526 Adhuc,
423 2449 543 2516 Nullius
566 2451 610 2516 roi
645 2471 719 2516 usus
756 2451 930 2518 seeundum
968 2471 1001 2518 εε
1040 2452 1144 2519 malus

215 2546 272 2614 εει,
293 2537 352 2602 uisi
376 2558 426 2604 res
449 2539 514 2627 ipsa
544 2539 715 2605 seeundum
753 2560 787 2606 εε
825 2540 905 2605 mala
943 2541 992 2607 sit.
1029 2539 1143 2607 Nullus

215 2637 319 2691 autem
341 2627 428 2692 uibus
451 2628 624 2695 securrdum
658 2642 800 2694 naturam
836 2629 935 2694 malus
968 2643 1025 2708 est,
1062 2632 1141 2716 quia

214 2715 314 2782 omnis
338 2735 387 2782 res
409 2718 582 2783 secundum
604 2737 693 2783 suam
728 2733 870 2784 naturam
905 2717 986 2783 bona
1024 2732 1082 2796 εει,
1108 2733 1142 2785 ut

212 2821 305 2890 supra
329 2818 487 2872 ostensum
508 2820 565 2880 εει,
589 2820 689 2893 potest
712 2820 815 2871 autem
829 2805 939 2892 aliquis
955 2808 1044 2873 uibus
1068 2827 1139 2874 esse

212 2891 303 2959 alloni
342 2894 463 2974 malus,
500 2896 683 2981 inquantum
721 2899 925 2960 contrariatur
964 2897 1138 2964 salubritati

210 2977 306 3065 ipsius
328 2984 499 3050 seeundum
522 3003 644 3071 corpus.
665 2983 774 3050 Nullus
797 2985 890 3070 igitur
915 2985 976 3050 cibi
988 2987 1137 3072 sumptio,

209 3069 382 3137 securrdum
405 3073 490 3160 quod
512 3086 558 3138 est
582 3073 650 3139 talis
673 3093 733 3152 res,
756 3089 802 3138 εει
826 3089 986 3160 pennatum
1022 3095 1136 3140 secun·

209 3156 285 3224 dum
308 3179 351 3238 εε;
374 3161 429 3228 sed
453 3175 641 3249 potestesse
664 3175 835 3249 peecatum,
860 3163 884 3228 εἰ
920 3177 1042 3250 praeter
1086 3185 1137 3228 ra·

211 3245 333 3404 tionem1
340 3249 474 3420 )aliquis
506 3251 573 3340 ipso
611 3263 714 3318 utatur
735 3251 908 3321 secundum
940 3271 1029 3318 suam
1051 3251 1136 3318 sulu-

210 3340 317 3424 rm<
358 3387 365 3404 ·
469 3413 471 3420 .

260 3457 299 3524 (l)
317 3459 424 3514 Praeter
440 3463 569 3516 rationem
587 3463 729 3517 secandum
747 3479 823 3518 ruam
841 3464 964 3532 satutem,
984 3465 1002 3516 i.
1012 3479 1036 3518 ε.
1055 3479 1138 3534 prae·

208 3529 373 3582 turmodum
391 3548 470 3601 quem
487 3535 555 3588 ratio
573 3534 729 3604 praescribit
747 3537 781 3590 ad
798 3537 937 3590 sanitatem
956 3539 1083 3605 eorporis.
