2514 3972
386 239 441 284 un
467 239 505 284 m.
530 239 593 284 can.
618 240 644 285 c.
668 240 703 284 nr
727 241 764 287 cr.
965 222 1030 290 515

118 321 158 374 tm
181 306 330 372 rationem
355 307 473 374 artificii
495 307 520 374 si
533 307 640 374 artifex
657 309 772 396 aliquid
788 309 878 376 aliter
889 325 1034 396 operetur

116 399 145 462 in
167 416 223 462 suo
248 394 386 469 artificio.
410 397 506 462 ctiam
530 410 693 484 postquam
716 397 1034 487 eiprimamlormam

117 485 207 553 dedit.
230 485 337 570 Neque
359 506 434 570 ergo
456 499 502 552 est
526 501 632 552 contra
657 501 798 554 naturam
837 489 862 554 si
890 487 979 554 'Deus
1002 491 1034 555 iu

117 576 205 642 rebus
230 575 422 640 naturalibus
445 575 536 642 aliter
559 591 704 661 operetur
727 577 841 664 aliquid
857 596 1035 664 quamcun-

116 678 217 730 suetus
243 684 351 730 cursus
375 678 502 730 naturae
525 663 627 730 habet.
957 731 960 740 ,

179 755 256 821 Hinc
279 765 324 819 est
347 752 430 840 quod
453 753 641 838 Augustinus
665 753 737 821 dicit
759 755 822 840 (l):
847 755 930 820 Deua
950 774 1036 819 creu-

118 855 162 909 lcr
183 856 214 910 et
246 844 386 909 conditor
419 845 555 908 omnium
596 854 781 910 maturarum
815 845 894 910 nilrr‘l
926 857 1036 910 contra

115 945 260 998 naturum
283 933 371 1016 fucit.-
394 933 429 997 r'd
450 939 532 997 enim
563 933 624 996 crit
660 934 767 1018 urique
804 936 851 998 rei
892 935 1037 1000 naturale

117 1023 271 1105 quoditie
293 1022 408 1106 fecerit,
430 1041 451 1084 u
474 1041 532 1106 quo
557 1033 603 1086 eat
624 1024 723 1088 omitia
746 1034 858 1103 anatur,
880 1041 1036 1100 numerus,

115 1112 188 1176 ordo
210 1122 351 1177 naturae.

446 1197 468 1265 C
482 1198 504 1264 Α
517 1199 541 1266 P
554 1195 578 1262 U
591 1197 617 1262 T
658 1198 704 1266 ul.

455 1377 502 1442 De
525 1378 697 1443 miraculis.

179 1555 261 1622 llaec
284 1570 386 1622 autem
410 1575 490 1641 quae
514 1567 635 1640 praeter
658 1551 797 1619 ordinem
829 1557 1036 1622 communiter

117 1643 146 1708 in
168 1645 262 1710 rebus
284 1659 430 1710 statutum
455 1643 642 1729 quandoque
664 1641 910 1708 diuinitusfiuut
943 1645 1036 1710 mira·

116 1732 181 1798 cula
204 1732 264 1799 dici
287 1734 396 1800 solent.
435 1733 632 1799 Admiramur
668 1732 751 1796 enim
790 1730 915 1816 aliquid,
952 1753 1036 1813 cum,

118 1822 256 1888 ellectum
282 1821 431 1902 uidentes,
458 1841 583 1888 causam
607 1821 795 1905 ignoramus.
813 1820 928 1907 Ecquia
945 1843 1038 1890 causa
1074 1847 1105 1928 <q

118 1929 175 1975 una
199 1926 230 1978 et
251 1911 362 1976 eadem
385 1933 402 1976 a
427 1910 612 1998 quibusdam
637 1907 793 1974 interdum
832 1924 878 1976 est
914 1913 1037 1997 cognita

117 2012 146 2062 ct
168 2020 184 2064 a
208 1999 393 2086 quibusdam
417 2001 582 2085 incognita,
606 1998 678 2064 inde
700 1999 849 2082 contingit
882 2000 966 2085 quud
993 2003 1038 2066 ri-

119 2086 255 2154 dentium
273 2089 364 2154 simul
388 2089 521 2174 aliquem
546 2088 689 2154 ellectum
724 2085 817 2172 aliqui
833 2088 985 2156 mirantur
1008 2104 1038 2157 et

116 2175 207 2261 aliqui
232 2197 294 2242 non
320 2178 481 2255 mirantum
505 2176 677 2260 astrologus
704 2175 788 2240 enim
813 2197 875 2242 non
897 2178 1040 2259 miratur,

116 2264 219 2332 videns
243 2266 383 2354 eclipsim
408 2267 490 2344 solis,
513 2266 585 2351 quia
609 2264 768 2348 cognoscit
791 2284 928 2342 causam
950 2269 1039 2352 igna-

118 2371 168 2417 rus
190 2367 294 2422 autem
319 2354 411 2440 hujus
433 2355 581 2420 scientiae
604 2372 729 2417 necesse
753 2353 846 2419 habet
882 2353 1038 2436 admirari,

118 2460 239 2510 oausam
264 2445 419 2529 ignorans.
443 2445 493 2508 Sic
515 2443 607 2527 igitur
617 2454 664 2506 est
676 2440 791 2524 aliquid
806 2443 919 2508 mirum
933 2447 1037 2532 quoad

119 2528 209 2609 hunc,
234 2553 296 2598 nou
320 2548 423 2598 autem
446 2546 596 2619 quantum
631 2528 670 2594 ad
708 2529 806 2595 illum.
844 2531 923 2597 lllud
961 2555 1037 2620 ergo

119 2619 295 2706 simpliciter
318 2622 431 2686 mirum
454 2619 608 2706 estquod
631 2618 725 2684 habet
759 2639 883 2686 causam
919 2621 1038 2710 simpli·

119 2707 192 2772 citer
214 2709 378 2786 occultam;
400 2725 429 2774 et
450 2710 510 2775 hoc
532 2722 620 2774 sonat
660 2725 775 2772 nomen
811 2709 966 2784 miraculi,
1005 2726 1039 2778 ut

120 2795 233 2862 scilicet
255 2799 293 2863 sit
316 2798 355 2863 de
379 2797 582 2864 admiratione
605 2797 743 2882 plenum,
757 2815 819 2860 nou
835 2799 937 2883 quoad
954 2799 1038 2868 bunc

57 2893 63 2902 '
120 2884 167 2950 vel
189 2885 292 2971 quoad
317 2887 404 2952 illum
428 2901 557 2952 tantum.
581 2885 678 2953 Causa
717 2897 820 2950 autem
858 2885 1038 2972 simpliciter

121 2974 236 3040 occulta
260 2976 345 3041 omni
371 2975 488 3040 homini
514 2989 560 3040 est
582 2975 676 3039 Deus.
699 2973 865 3039 Probatum
883 2989 929 3040 cst
953 2979 1038 3044 enim

121 3077 211 3146 supra
235 3065 276 3148 (c.
304 3065 362 3148 17)
387 3064 469 3150 quod
493 3063 558 3147 ejus
582 3064 745 3128 essentiam
769 3061 872 3132 nullus
888 3063 983 3129 homo
1006 3067 1038 3132 in

121 3159 198 3216 statu
226 3151 317 3238 hujus
339 3152 419 3218 vitae
439 3153 595 3218 intellectu
623 3171 733 3238 capere
755 3164 865 3237 potest.
883 3151 935 3218 llla
948 3153 1039 3238 igitur

122 3235 298 3324 simpliciter
321 3242 469 3307 miracula
503 3240 632 3308 dicenda
669 3252 741 3305 sunt
777 3261 857 3326 quae
895 3241 1039 3310 divinitus

122 3323 197 3480 fiussn
234 3344 355 3416 praeter
393 3331 534 3396 ordinem
571 3329 780 3396 communiter
812 3345 967 3398 seruatum
1009 3334 1040 3398 in

121 3431 155 3479 re
178 3435 223 3480 us.

172 3518 211 3586 (1)
229 3520 255 3577 S.
274 3521 350 3593 Aug,
371 3522 467 3578 Contra
483 3524 575 3579 Furat.
592 3521 676 3594 llum,
695 3523 713 3578 1.
731 3521 775 3593 au,
795 3539 817 3578 c.
835 3523 861 3578 5.
