2516 3968
228 215 294 282 atu
506 237 562 282 uo.
586 237 713 283 ur.-uar.
737 235 832 282 cxcvi.

227 327 294 372 sem
318 317 432 386 autem,
448 308 562 372 saecuti
587 307 666 382 finis,
695 321 728 372 ut
751 306 868 373 ibidem
890 303 1011 372 dieitur.
1027 305 1097 375 Nun
1122 309 1145 374 i·
1234 333 1240 356 ·

228 396 311 480 gitur
334 394 406 460 maii
431 395 631 461 subtrahendi
668 410 739 461 sunt
773 395 813 460 de
851 394 954 460 medio
988 395 1145 462 bonorum
1240 469 1241 484 χ

227 505 289 571 per
312 484 509 550 occisionem.
537 521 581 560 3-
600 483 753 550 inducunt
789 480 882 550 etiam
921 483 1003 570 quod
1037 487 1146 564 bomo,

224 572 373 659 quamdiu
399 573 428 636 in
453 572 571 638 mundo
595 586 651 650 est,
674 587 774 660 potest
796 573 827 636 in
852 571 967 637 meiius'
992 587 1146 640 transmu-

225 662 293 728 tari.
317 660 384 726 Non
409 681 485 747 ergo
507 674 554 726 est
577 682 633 748 per
655 661 842 728 occisionem
875 662 1105 728 subtrahendus
1128 685 1145 730 a

224 748 355 826 mundo,
377 750 432 816 sed
457 749 495 816 ad
520 750 740 836 poenitentiam
764 749 978 816 reservandus.
1241 816 1242 842 p

292 838 372 904 ilaec
395 852 496 904 autem
521 837 627 904 frivola
665 854 745 904 sunt.
783 839 860 904 Nam
896 840 927 902 iu
951 839 1031 924 'iege
1065 861 1146 926 quae

222 927 304 993 dicit:
328 926 547 1005 Nonacrinae,
582 927 779 1014 postmodum
814 927 965 993 subditur:
988 928 1146 1016 Maleficoa

222 1037 284 1082 non
304 1017 435 1099 potieris
456 1018 568 1095 viuere,
592 1016 698 1095 Exod,
725 1017 779 1094 bb,
819 1016 871 1094 {8;
893 1036 931 1082 ex
954 1037 1017 1103 quo
1055 1017 1146 1084 datur

223 1104 347 1190 intelligi
373 1106 558 1170 occisionem
583 1105 745 1171 bominum
776 1107 937 1191 injustam,
956 1106 1144 1192 prohibitam

223 1214 301 1271 esse3
324 1193 408 1280 quod
432 1195 523 1260 etium
548 1215 584 1258 ex
609 1196 709 1260 verbis
733 1194 857 1260 Domini
888 1208 1025 1281 oppareu
1058 1215 1145 1272 nam,

222 1303 294 1348 etim
324 1282 458 1348 dixisset:
494 1283 635 1348 Audistis
662 1285 736 1367 quia
769 1285 885 1350 dictttm
918 1295 964 1348 ert
995 1285 1146 1369 antiquis:

223 1371 291 1438 Non
313 1373 443 1450 occides,
465 1371 632 1456 subjunxit:
655 1371 719 1458 Epo
742 1383 845 1438 autem
863 1373 932 1438 dico
947 1371 1042 1437 uobis:
1061 1374 1145 1454 Quia

221 1462 321 1526 omnia
341 1463 394 1546 qui
415 1461 562 1526 irascitur
583 1462 679 1544 fratri
700 1481 766 1539 suo,
788 1483 860 1526 recta
875 1462 1060 1544 eritjudicio
1075 1474 1144 1540 etc„

222 1551 339 1628 Mattb„
363 1550 394 1629 5,
417 1550 527 1616 ut-eu.
552 1550 678 1636 Exque
705 1549 758 1615 dat
788 1550 958 1636 intelligere
981 1551 1064 1616 iiiam
1089 1572 1142 1616 oe·
1243 1588 1244 1636 t

221 1639 371 1704 cisionem
395 1659 464 1704 esse
489 1639 675 1725 prohibitam
698 1657 779 1725 quae
801 1638 938 1726 procedit
953 1659 991 1704 eu
1006 1640 1062 1717 ira,
1077 1659 1142 1705 uon

222 1743 325 1796 autem
350 1727 432 1792 iiiam
456 1747 536 1814 quae
553 1728 689 1814 procedit
704 1749 740 1794 ex
757 1729 824 1794 reio
836 1727 980 1814 justitiae.
992 1765 1036 1776 -
1048 1728 1142 1811 Quod

222 1819 316 1883 etiam
341 1816 491 1882 Dominus
515 1816 596 1882 dicit:
623 1816 719 1881 Sinite
741 1829 873 1902 utraque
893 1837 1030 1882 ¹crescere
1048 1838 1143 1903 usquc

222 1907 266 1970 od
289 1925 428 1984 messam,
445 1905 589 1991 qualiter
611 1905 845 1990 intelligendum
875 1906 914 1970 sit
937 1921 1064 1992 apparet
1088 1926 1143 1993 per

222 1995 298 2060 iliud
321 1993 405 2081 quod
427 1995 565 2080 sequitur
587 1995 649 2080 ({):
673 1994 719 2061 Ne
742 1994 822 2079 (orte
856 1995 1032 2079 coiiipentes
1052 1997 1142 2060 zizo-

220 2085 285 2161 nin,
310 2082 474 2148 eradicetis
496 2082 590 2146 simui
612 2085 737 2150 cumeis
753 2094 782 2147 ct
798 2084 944 2162 triticum,
956 2084 1076 2162 Mutum,
1091 2085 1144 2158 tt,

221 2173 276 2239 29.
299 2171 343 2238 ibi
366 2192 442 2258 ergo
469 2171 659 2238 interdicitur
692 2172 846 2240 maiorum
870 2172 982 2238 occisio
1006 2173 1058 2238 ubi
1083 2173 1143 2240 buu

220 2264 288 2328 sine
311 2261 446 2348 periculo
470 2261 623 2326 bonorum
654 2261 719 2328 fieri
743 2281 806 2328 non
830 2274 939 2348 potest;
968 2261 1052 2347 quod
1076 2262 1143 2348 pie·

220 2370 353 2437 rumque
376 2349 524 2434 contingit
539 2349 663 2435 quando
679 2350 751 2416 maii
768 2349 907 2416 noudum
924 2349 1143 2416 discernuntur

220 2460 238 2503 a
261 2439 351 2504 bonis
374 2460 430 2527 per
452 2437 612 2504 manifesta
637 2453 773 2524 paccata,
795 2438 843 2504 vel
866 2439 993 2524 quaudo
1016 2441 1143 2505 timetur

220 2527 393 2614 perieulum
416 2547 456 2593 ne
479 2527 551 2592 maii
576 2527 689 2594 multos
724 2528 822 2594 bonos
850 2541 918 2613 post
939 2547 973 2594 se
1008 2529 1142 2594 trabant.

220 2616 313 2698 Quod
336 2636 409 2682 uero
433 2615 516 2694 inab,
523 2616 680 2718 quamdiu
696 2617 811 2696 uiuunt,
826 2613 986 2682 emendari
1001 2631 1145 2720 possunt,

220 2726 282 2772 non
307 2704 448 2793 probibet
478 2705 552 2792 quin
571 2703 654 2789 juste
677 2707 795 2808 possint
828 2703 939 2782 occidi,
961 2707 1032 2791 quia
1058 2707 1143 2792 peri-

219 2795 324 2860 culum
348 2794 431 2881 quod
454 2793 493 2858 de
516 2813 625 2858 eorum
660 2796 720 2860 uita
744 2794 885 2860 imminet
907 2806 953 2858 est
988 2792 1089 2879 majus
1112 2807 1144 2862 et

216 2883 332 2950 certius
353 2903 446 2968 quam
471 2882 588 2947 bonurn
613 2882 652 2948 de
675 2903 785 2950 eorum
808 2881 1027 2948 emendatione
1049 2901 1144 2970 expe·

218 2985 326 3040 utatur.
352 2971 471 3038 Habent
493 2972 586 3036 etiam
616 2973 646 3036 iu
670 2973 736 3059 ipso
760 2972 867 3038 mortis
890 2971 1023 3038 articulo
1047 2970 1142 3038 iacui·

219 3073 314 3126 tatem
339 3074 372 3126 ut
393 3081 448 3148 per
474 3061 696 3147 poenitentiam
727 3073 944 3128 convertantur
966 3059 1005 3126 ad
1028 3059 1142 3126 Deum.

219 3149 312 3232 Quod
334 3151 360 3216 si
382 3150 460 3215 adeo
483 3163 555 3216 sunt
585 3149 728 3216 obstinati
754 3148 838 3236 quod
863 3150 955 3216 etiam
979 3149 1010 3214 in
1034 3151 1143 3218 mortis

219 3238 349 3306 articulo
372 3258 426 3304 eor
454 3257 604 3304 corumu
642 3237 756 3308 malitia
795 3257 858 3304 non
897 3236 1033 3318 recedit,
1068 3239 1143 3306 satis

220 3326 421 3481 prubabiiiter
442 3327 596 3394 aestimari
619 3340 718 3413 potest
740 3325 824 3414 quod
846 3345 1007 3414 nunquam
1030 3348 1049 3393 u
1074 3348 1142 3394 ma·

244 3430 283 3484 tra
308 3417 496 3503 resipiscant.

273 3536 312 3603 (i)
329 3536 398 3592 Haeo
414 3537 495 3593 rerba
513 3553 566 3592 uon
584 3535 612 3591 iu
628 3538 757 3609 sequenti,
772 3537 846 3594 ted
837 3551 865 3593 ru
883 3537 1142 3611 praecursurum

218 3608 402 3676 reperiuntur.
