2462 3968
223 247 290 314 250
425 267 480 311 tte.
504 267 545 311 ιιι.
571 265 633 312 cle.
659 265 775 314 lxxxiv.
803 266 838 311 m
861 266 963 313 lxxxv.

142 362 144 369 ·
223 350 290 402 ctae
313 335 393 402 vires
417 334 558 402 fortiores
597 337 741 415 existunt3
775 334 858 402 unde
895 336 1005 402 dieitur
1037 339 1068 400 in
1093 357 1140 401 se-

222 425 325 490 eundo
349 424 388 490 de
411 426 518 490 Anima
543 429 641 508 (text.
665 447 777 492 comm.
819 422 889 506 94)
913 424 996 512 quod
1021 427 1143 490 molles

222 534 315 578 trarne
337 525 427 598 aptos
451 526 549 580 ruente
570 516 720 580 uidemus.
744 513 912 601 Dispositio
948 525 1050 578 autem
1073 535 1142 578 cor·

222 603 305 689 poris
329 603 457 668 humani
494 602 633 689 subjacet
666 603 847 669 caelestibus
886 602 1029 678 motibus3
1070 602 1142 668 dicit

222 691 306 757 enim
330 690 517 776 Augustinus
556 692 640 778 quod
662 713 723 758 nou
759 710 973 776 usquequaque
1006 689 1141 756 absurde

221 781 284 844 diei
303 791 404 864 potest
425 781 468 844 cd
490 782 575 846 solas
598 801 762 865 corporum
784 781 975 867 differentius
1012 780 1141 865 afflatus

220 870 372 954 quosdam
393 871 497 934 ualere
520 872 656 934 sidereos
678 871 741 956 (l);
764 883 794 935 et
825 870 1035 935 Damascenus
1071 869 1141 934 dicit

221 957 305 1043 quod
328 958 377 1023 alii
402 970 431 1022 et
454 959 504 1024 alii
529 959 669 1045 planetae
692 958 829 1025 diversas
852 957 1087 1044 complexiones
1112 971 1141 1022 et

221 1045 344 1112 habitus
366 1057 396 1111 et
419 1046 632 1134 dispositiones
655 1048 685 1113 in
725 1049 812 1114 nobis
849 1048 1040 1112 constituunt
1076 1044 1141 1130 (ᾖ).

222 1133 295 1199 ldeo
318 1134 467 1200 indirecte
490 1157 618 1222 corpora
643 1136 784 1202 caelestia
805 1136 843 1202 ad
861 1135 1028 1200 bonitatem
1054 1134 1140 1199 intel-

221 1222 365 1307 ligentiae
388 1239 607 1310 operantur;et
630 1225 682 1306 sio,
707 1226 786 1292 sicut
807 1223 918 1291 medici
951 1236 1081 1310 possunt
1093 1223 1141 1308 ju-

222 1310 325 1376 dicare
349 1313 389 1377 de
412 1313 547 1378 bonitate
571 1313 745 1380 intellectus
769 1335 806 1380 ex
830 1311 968 1399 eorporis
1006 1312 1143 1398 comple-

221 1399 312 1465 xione
335 1402 413 1467 sicut
436 1421 473 1466 ex
496 1403 695 1488 dispositione
718 1405 868 1490 proxima,
892 1403 932 1467 ita
970 1400 1143 1485 astrologus

222 1505 260 1554 ex
283 1490 416 1556 motibus
439 1490 623 1556 caelestibus
647 1492 725 1557 sieut
747 1513 785 1558 ex
808 1511 900 1557 eausa
934 1501 1054 1554 remota
1080 1489 1143 1555 talis
1215 1559 1216 1562 ,

222 1576 439 1663 dispositionis.
464 1580 498 1644 Et
522 1600 577 1666 per
599 1581 682 1646 hunc
706 1581 833 1646 modum
868 1592 967 1664 potest
992 1577 1143 1642 verificari
1215 1573 1216 1578 ’

221 1667 305 1750 quod
328 1667 524 1733 Ptolomaeus
552 1670 583 1732 in
623 1667 816 1757 (lentiloquio
854 1669 906 1756 (5)
944 1666 1026 1731 dicit:
1069 1667 1145 1732 Cum

219 1754 314 1837 fuerit
340 1757 519 1835 Mercurius,
541 1759 757 1823 innativitate
791 1758 933 1841 alicujus,
968 1756 1000 1818 iu
1035 1756 1144 1839 aliquo

220 1842 381 1909 damonem
406 1845 544 1925 Saturni,
559 1857 589 1910 et
609 1847 675 1929 ipse
695 1847 786 1930 fortis
807 1849 840 1912 itt
877 1864 942 1910 esse
977 1863 1043 1922 suo,
1086 1845 1141 1909 dat

224 1930 388 1998 bonitatem
411 1934 632 2021 iutelliqentiae
654 1935 834 2000 medullitus
867 1930 1018 2028 iaflrclus
1037 1929 1101 2024 (l).
1216 1927 1217 1958 l

508 2109 677 2177 ulnus
711 2109 853 2180 lxxxv.
920 2097 922 2102 ’

222 2286 312 2367 Quod
334 2307 465 2370 corpora
489 2289 635 2354 caelestia
657 2309 718 2354 iton
735 2300 929 2354 suutcausae
950 2290 1146 2354 voluntatum

457 2387 487 2441 et
509 2377 689 2442 electionum
718 2389 908 2444 nostrarum.

286 2552 328 2618 lix
351 2551 410 2618 hoo
439 2563 542 2618 autem
578 2553 704 2619 ulterius
739 2565 866 2642 apparet
900 2553 983 2640 quod
1014 2571 1145 2640 corpora

220 2639 361 2707 caelestia
387 2661 447 2706 non
486 2654 556 2706 sunt
596 2643 788 2708 voluntatum
819 2655 1001 2714 nostrarum
1040 2662 1145 2730 neque

220 2730 405 2797 electionum
430 2749 530 2796 causa.

288 2818 435 2886 Voluntas
448 2821 533 2883 enim
557 2819 587 2883 in
611 2831 696 2904 parte
721 2819 903 2886 intellectiva
940 2819 1063 2884 animae
1089 2833 1147 2896 est,

222 2919 254 2971 ut
277 2920 359 2993 putet
400 2926 455 2995 per
485 2907 708 2994 Philosophum
744 2907 811 2994 (de
848 2909 968 2984 Anima,
1004 2909 1035 2986 5,
1071 2919 1144 2974 text.

270 3047 309 3114 (l)
330 3046 372 3102 De
393 3045 469 3099 cinit.
489 3043 550 3108 Dei,
570 3047 587 3098 l.
608 3043 633 3112 ὅ,
654 3062 676 3096 c.
695 3043 712 3097 6
730 3051 757 3098 el
776 3045 803 3100 7.
899 3053 901 3059 '

270 3117 310 3188 (ἢ)
332 3117 373 3172 De
393 3116 501 3171 Orllod.
518 3115 588 3182 Fid,
607 3117 623 3166 Ι.
642 3115 668 3177 2,
686 3131 709 3168 c.
727 3114 753 3170 7.

268 3189 310 3260 (ὅ)
329 3188 518 3258 cantiloquium
534 3193 544 3258 (
562 3187 637 3238 aliter
657 3185 765 3240 Centum
783 3185 936 3254 Aplorisrui
949 3203 994 3239 seu
1016 3185 1149 3247 Fructus)

219 3275 251 3313 ex
272 3259 470 3329 Quadripertita
487 3275 534 3312 seu
556 3257 703 3311 Tetrabiblo
722 3257 824 3310 Claudii
843 3257 985 3310 Ptolomaei
998 3261 1144 3310 extractum

221 3332 373 3398 astrologiae
393 3337 432 3385 est
450 3329 641 3399 compendium.

272 3400 312 3467 (4)
333 3401 391 3454 liat
409 3402 547 3454 bonitatem
566 3399 760 3468 irtlelliqenliuc
778 3399 932 3451 medullitus
950 3396 1144 3460 tardante.

223 3471 482 3591 datlintclligentiam
500 3478 589 3540 aptam
610 3471 643 3522 ad
663 3470 838 3540 penetrandas
856 3485 898 3523 nes
922 3467 1056 3539 usquead
1089 3483 1143 3520 me·

226 3542 332 3594 dulam.
