2478 3972
401 228 459 296 tra.
486 250 526 295 ιιι.
550 250 615 297 etr.
639 250 706 294 rer.
944 233 1004 300 tut

86 343 154 390 csse
176 319 324 388 omnibus
348 319 455 386 ordine
478 321 613 405 quodam
627 318 799 397 distribuat,
815 341 1007 409 consequens

87 427 133 478 est
155 425 199 491 ut,
224 409 395 476 secundum
419 428 507 474 suam
542 408 721 485 bonitatem,
760 408 910 476 desideria
948 412 1009 499 pia,

85 522 164 588 quae
188 500 441 587 perorationem
464 497 663 584 explicantur,
686 497 860 583 adimpleat.

151 588 540 667 enunciationem
580 587 710 672 pertinet
745 601 776 650 ut
814 586 889 652 illud
923 589 1007 674 quod

86 694 232 745 moretur
255 676 402 763 perducat
425 675 464 740 ad
487 675 591 748 boenc
618 675 699 740 uude
733 689 762 739 et
786 698 841 762 per
863 678 1006 742 eamdem

87 784 235 836 naturam
259 766 373 852 aliquid
397 779 538 829 moretur
561 765 598 828 ad
631 765 723 828 linem
759 781 789 828 et
810 768 1008 853 consequitur

86 859 179 924 linem
205 871 238 922 et
261 860 292 922 in
308 855 418 919 eodem
432 855 568 938 quiescit.
585 851 687 918 Onme
703 868 805 918 autem
819 855 1007 920 desiderium

86 947 285 1034 estquidam
309 957 411 1008 motus
434 945 472 1006 ad
498 943 624 1020 bonurn,
664 942 842 1027 quiquidem
867 964 929 1008 non
954 965 1009 1030 po·

87 1050 142 1101 test
165 1036 263 1101 rebus
286 1034 386 1098 inesse
410 1033 466 1096 nisi
489 1053 506 1096 a
530 1032 607 1108 Deo,
630 1033 681 1116 qui
704 1046 749 1094 cst
774 1053 827 1117 per
842 1033 1009 1100 essentiam

87 1145 174 1190 suam
200 1126 302 1190 bonus
325 1136 355 1186 et
379 1119 446 1185 lons
469 1121 622 1196 bonitatis3
646 1139 772 1183 mouens
796 1122 877 1186 enim
913 1142 1008 1188 omne

87 1227 190 1280 moret
215 1213 255 1278 ad
280 1209 395 1296 aliquid
417 1209 517 1274 simile
540 1209 609 1274 sibi.
634 1209 677 1272 Ad
702 1208 801 1272 Deum
827 1211 918 1295 igitur
941 1232 1009 1297 per·

87 1303 174 1382 tinet,
197 1301 373 1368 secundum
398 1319 486 1362 suam
525 1297 704 1372 bonitatem;
740 1298 824 1383 quod
858 1300 1010 1368 dest'deria

88 1406 192 1457 nostra
216 1387 442 1465 convenientia,
464 1407 544 1472 quae
568 1401 622 1472 pur
660 1384 831 1452 orationem
854 1389 1011 1476 explican-

88 1493 146 1560 tur,
169 1481 210 1544 ad
223 1479 369 1544 ellectum
392 1479 626 1540 convenientem
652 1476 809 1558 perducat.

152 1569 243 1644 ltem,
267 1567 389 1649 Quanto
414 1563 514 1649 aliqua
536 1577 608 1628 sunt
631 1565 850 1649 propinquiora
874 1569 1010 1633 moventi

88 1670 170 1724 tanto
194 1656 350 1724 efficacius
373 1653 606 1739 impressionem
630 1657 780 1717 mouentis
794 1669 1011 1740 assequentem

90 1767 159 1811 nam
184 1761 216 1812 et
239 1763 320 1832 quae
342 1742 561 1828 propinquiora
585 1753 657 1806 sunt
681 1741 742 1824 igni
759 1743 856 1826 tnagis
881 1744 918 1810 ab
943 1745 1009 1830 ipso

89 1835 244 1901 calefiunt.
268 1831 462 1898 Substantias
485 1845 587 1894 autem
624 1831 843 1896 intellectuales
883 1834 1010 1920 propin-

90 1925 213 2007 quiores
237 1937 308 1990 sunt
331 1921 396 1984 [leo
420 1939 512 2006 quum
536 1921 722 1984 substantiae
752 1921 905 1987 normales
944 1925 1008 1990 ina·

89 2013 233 2078 nimatae.
257 2009 413 2076 Efficacior
446 2021 491 2074 est
513 2009 605 2084 luitur
628 2009 787 2094 impressio
804 2011 925 2076 divinae
941 2031 1008 2078 mo·

92 2100 180 2166 tionis
203 2104 235 2167 in
258 2098 434 2166 substantiis
457 2097 712 2162 intellectualibus
749 2117 842 2182 quam
866 2101 896 2164 in
934 2103 1008 2166 sub·

90 2190 207 2256 stantiis
231 2189 297 2256 aliis
320 2186 520 2252 naturalibus.
558 2186 693 2270 Corpora
719 2201 822 2250 autern
861 2189 1010 2257 naturalia

93 2276 246 2344 intantum
284 2276 466 2364 participent
500 2273 539 2339 de
563 2276 699 2338 motione
723 2276 825 2340 diurna
848 2281 931 2362 quod
955 2300 1010 2344 na-

94 2367 224 2432 turalem
247 2365 416 2452 appetitum
440 2362 513 2428 boni
536 2377 768 2448 consequuntur
805 2385 842 2429 et
866 2386 901 2430 ea
925 2380 956 2432 et
979 2389 1013 2434 e-

95 2455 165 2520 tiam
189 2457 341 2543 appetitus
364 2451 619 2538 completionem,
642 2451 851 2537 quodquidem
881 2454 914 2520 ιιι
937 2457 1013 2525 dum

97 2547 234 2630 proprios
258 2544 334 2608 lines
355 2555 595 2626 consequuntur.
619 2540 713 2604 llulto
737 2544 828 2626 igitur
851 2545 948 2630 magis
964 2549 1012 2612 in·

96 2631 280 2700 tellectuales
295 2631 481 2697 substantiae
511 2628 734 2693 desideriorum
759 2652 897 2710 suorum,
932 2655 1011 2721 quae

99 2738 150 2801 per
163 2721 333 2788 orationem
346 2739 434 2786 suam
452 2717 519 2783 lleo
531 2716 675 2797 ollerunt,
684 2719 1011 2805 impletionemconse·

97 2824 241 2891 quantur.

161 2899 308 2986 Amplius,
331 2897 376 2962 De
400 2895 518 2961 ratione
541 2894 693 2960 amicitiae
727 2909 772 2961 est
796 2897 879 2980 quod
902 2921 1010 2968 amans

100 2984 167 3052 uelit
182 2989 303 3075 impleri
326 2985 516 3052 desiderium
537 2986 641 3061 amati3
664 2985 846 3069 inquantum
870 2989 1012 3075 rultejus

101 3069 213 3142 bonum
236 3091 266 3142 ct
289 3073 519 3162 perlectionem,
543 3087 667 3159 propter
690 3074 773 3159 quod
802 3077 913 3142 dieitur
928 3080 1013 3164 quod

102 3164 268 3232 amicorum
284 3179 330 3231 est
352 3163 435 3228 idern
460 3163 547 3228 telle.
573 3160 739 3227 Ostensurn
774 3180 819 3231 est
842 3181 946 3232 antem
962 3191 1013 3234 su-

104 3267 155 3332 pra
177 3254 226 3340 (l.
250 3256 283 3332 ι,
304 3275 331 3320 c.
353 3250 391 3318 91
410 3255 421 3335 )
444 3252 528 3339 quod
552 3251 636 3316 Deus
658 3271 745 3316 suam
784 3271 958 3321 ereaturam
982 3280 1014 3323 a·

106 3353 174 3419 met,
196 3357 226 3409 et
248 3357 332 3409 tanto
356 3341 453 3426 magis
470 3359 720 3425 unamquamque
742 3359 858 3428 quanto
883 3345 951 3429 plus
974 3347 1014 3411 de

107 3423 236 3498 bonitate
259 3431 428 3519 participat,
451 3450 530 3516 quae
553 3443 599 3494 est
622 3430 755 3515 primum
793 3447 823 3499 et
847 3435 1015 3524 principale

108 3531 237 3592 amatum
260 3521 398 3610 abipso.
422 3517 492 3590 Vult
506 3519 598 3607 igitur
621 3519 745 3608 impleri·
778 3523 930 3592 desiderio
967 3547 1018 3594 ra·
