2494 3970
231 213 275 280 66
544 231 601 276 ura.
625 232 666 277 ru.
690 233 754 278 aar.
778 232 860 278 narrt.
1042 274 1045 280 .
1234 296 1235 299 Ἴ

230 303 386 378 virtutem,
408 297 449 363 ita
472 297 611 366 voluntas
640 299 862 366 determinatur
886 299 925 366 ad
960 320 1058 366 unum
1098 321 1159 386 par
1233 357 1234 360 ,

234 410 324 456 suam
346 385 538 476 sapientiam,
560 409 620 475 qua
644 389 784 456 voluntas
797 391 938 476 dirigitur
953 388 1160 456 infallibiliter

233 479 272 545 ad
297 497 393 542 uuum
417 475 521 541 finem.

299 567 385 631 Patet
408 566 503 630 etiam
526 585 564 632 ex
588 565 762 652 praemissis
785 567 879 654 quod,
902 567 933 632 in
956 579 1042 630 motu
1066 565 1161 639 caeli,

236 677 299 722 nou
323 668 369 720 est
391 668 497 720 contra
521 667 663 720 naturam
685 675 788 742 neque
810 675 951 722 accessus
974 654 1013 721 ad
1029 653 1159 740 aliquod

236 745 288 809 ubi
310 763 411 829 neque
434 763 573 810 recessus
600 743 639 809 ab
673 765 721 809 eo.
755 745 820 810 Hoc
854 745 938 810 enim
978 741 1088 809 accidit
1125 743 1161 807 in

233 847 321 900 motu
345 831 484 917 granium
509 845 539 896 et
561 833 675 897 levium
699 848 824 921 propter
860 834 933 898 duo:
958 835 1059 919 primo
1089 833 1162 917 qui·

235 924 318 1000 ilem,
341 921 412 1007 quia
447 921 575 986 intentio
605 933 732 986 naturae
755 933 801 989 cst
824 923 1038 998 determinata,
1072 935 1102 986 ει
1125 921 1161 984 in

234 1011 378 1096 grauibus
402 1023 431 1074 ct
454 1011 484 1074 in
509 1009 638 1088 levibus,
661 1011 699 1076 ad
724 1032 820 1078 unum
844 1011 959 1088 locum;
974 1009 1162 1084 undc‚sicut

233 1098 414 1166 naturaliter
437 1097 533 1164 tendit
556 1100 587 1162 iu
610 1099 723 1185 ipsum,
753 1101 792 1166 ita
816 1115 921 1166 contra
945 1113 1087 1164 naturam
1110 1119 1161 1163 re-

235 1188 317 1254 cedit
339 1187 378 1252 ab
401 1207 450 1264 e0;
473 1187 620 1263 secundo,
644 1187 716 1274 quia
739 1189 801 1254 duo
825 1203 927 1254 motus
944 1209 1077 1275 quorum
1094 1208 1160 1252 uuo

236 1277 353 1342 accedit
379 1276 430 1362 (l)
453 1276 491 1340 ad
515 1275 653 1342 medium
677 1277 826 1344 etaltera
849 1277 966 1343 recedit
988 1290 1060 1343 sunt
1083 1296 1160 1342 con-

237 1365 331 1431 trarii.
355 1364 386 1430 Si
410 1380 513 1430 autem
536 1365 702 1451 accipiatur
724 1367 755 1430 in
778 1380 865 1432 motu
888 1367 1029 1452 grauium
1052 1379 1083 1430 et
1117 1366 1162 1431 le·

238 1457 323 1520 vium
348 1475 410 1520 uon
433 1454 559 1520 ultimus
579 1453 678 1528 locus,
694 1457 748 1520 sed
765 1455 897 1534 medius,
913 1455 992 1522 sicut
1004 1454 1043 1520 ad
1057 1455 1160 1542 ipsum

238 1543 393 1610 acceditur
405 1543 593 1620 naturaliter,
608 1545 648 1607 ita
661 1542 700 1607 ab
717 1545 781 1630 ipso
799 1544 978 1610 naturaliter
993 1545 1162 1620 receditur,

240 1635 311 1720 quia
336 1645 434 1697 totum
457 1644 515 1696 stat
537 1631 594 1696 sub
618 1651 678 1696 una
702 1633 871 1698 intentione
894 1648 1032 1711 naturae,
1047 1647 1079 1698 et
1094 1653 1161 1698 non
1234 1692 1235 1695 ,

238 1735 310 1787 sunt
332 1733 435 1786 motus
473 1719 628 1798 contrarii,
655 1721 709 1784 sed
739 1743 818 1788 unus
841 1735 872 1787 et
909 1723 1085 1788 continuus.
1115 1721 1161 1786 lta
1233 1793 1234 1798 γ

238 1824 343 1876 autent
366 1821 412 1874 εει
434 1809 465 1872 in
489 1820 576 1873 motu
598 1807 775 1876 caelestium
801 1831 980 1898 corporum,
1009 1813 1080 1898 quia
1104 1831 1162 1876 ua·

239 1913 326 1964 turae
350 1897 477 1962 intentio
501 1917 563 1961 non
597 1909 643 1962 est
673 1897 797 1986 aliquod
820 1899 873 1964 ubi
907 1899 1162 1979 determinatum,
1233 1961 1234 1980 ,

239 2001 273 2052 ut
291 1986 356 2072 jam
380 1985 495 2050 dictum
519 1998 574 2065 est;
597 1999 698 2052 motus
721 1989 812 2053 etiam
837 2009 898 2075 quo
915 1989 1031 2056 recedit
1046 2009 1162 2076 corpus

239 2073 428 2140 circulariter
451 2087 570 2140 motum
595 2075 634 2140 ab
656 2076 759 2162 aliquo
782 2078 870 2161 signo
891 2098 955 2143 uon
979 2092 1025 2144 est
1039 2092 1163 2144 contra-

238 2167 301 2230 rius
326 2165 421 2230 motui
446 2183 507 2250 quo
531 2163 602 2230 illuc
626 2165 755 2244 accedit,
783 2166 839 2232 sed
862 2181 908 2231 est
943 2189 1023 2233 unus
1057 2181 1163 2233 motus

240 2267 270 2319 et
292 2253 468 2329 continuus;
491 2253 574 2318 unde
595 2254 753 2339 quodlibet
764 2254 828 2333 ubi,
843 2255 874 2319 in
892 2269 978 2322 motu
1001 2256 1090 2334 caeli,
1113 2270 1162 2320 est

239 2344 319 2410 sicut
342 2341 478 2407 medium
502 2356 531 2408 et
554 2362 617 2407 riou
640 2343 718 2410 sicut
733 2357 905 2408 extremum
920 2345 950 2408 iu
964 2359 1050 2411 motu
1066 2359 1162 2410 recto.

307 2431 374 2496 Nou
398 2429 498 2496 diflert
519 2443 634 2510 autem,
657 2446 807 2518 quantum
830 2432 869 2498 ad
895 2448 1091 2519 praesentem
1116 2433 1162 2498 in·

241 2520 421 2599 tentionem,
445 2535 548 2584 utrum
571 2541 683 2607 corpus
706 2521 837 2586 caeleste
860 2535 1053 2588 moveatura
1085 2522 1164 2587 sub·

239 2611 351 2676 stantia
374 2607 571 2674 intellectuali
593 2607 756 2693 conjuncta
780 2629 859 2696 quae
885 2611 922 2674 sit
956 2612 1059 2676 anima
1093 2611 1162 2696 ejus

239 2699 290 2765 rel
314 2719 331 2764 a
354 2697 523 2764 substantia
553 2711 704 2784 separata,
734 2711 765 2763 et
787 2714 890 2764 utrum
915 2699 1163 2787 unumquodque

239 2807 405 2875 corporum
439 2785 617 2852 caelestium
648 2801 807 2852 moveatur
830 2809 846 2852 a
869 2787 946 2868 Deo,
971 2790 1018 2854 rel
1039 2788 1163 2854 nullum

239 2876 428 2953 immediate,
436 2874 702 2940 sedmediantibus
714 2875 890 2942 substantiis
904 2877 1163 2944 intellectualibus

240 2966 359 3045 creatis,
383 2979 434 3029 aut
457 2964 593 3050 primum
616 2977 733 3030 tantum
758 2965 936 3031 immediate
959 2988 977 3032 a
1000 2966 1078 3044 Deo,
1102 2965 1162 3030 alia

240 3075 314 3121 reru
338 3051 546 3120 mediantibus
568 3052 746 3120 substantiis
769 3053 889 3133 creatis;
913 3055 1084 3122 dummodo
1109 3055 1163 3120 ba·

240 3145 350 3209 beatur
373 3140 456 3229 quod
479 3155 581 3208 motus
604 3143 742 3210 caelestis
765 3157 811 3209 cst
834 3163 852 3210 a
880 3143 1048 3211 substantia
1072 3143 1165 3210 intel·

242 3231 375 3298 lectuali.

277 3425 317 3494 (l)
334 3424 439 3481 Accedit
458 3427 552 3498 supple
570 3427 681 3481 intentio
698 3433 820 3481 naturae.
