2516 3968
372 226 428 272 tte.
452 227 582 288 traete.
605 229 724 277 cxxxiv.
954 208 1024 276 tor

103 296 266 364 ritualibus
293 295 387 362 rebus
422 295 460 362 ad
491 298 737 366 meliorationem
773 298 915 378 aliorum,
949 319 1026 388 quos
1102 362 1105 367 .

104 399 226 476 oportet
249 407 266 452 a
289 407 362 452 eura
386 388 602 473 temporalium
626 388 783 455 absolutos
806 407 883 453 esse.

171 475 252 542 liaeo
275 488 377 542 autem
402 474 574 542 distributio
591 477 784 544 diversorum
804 474 977 542 officiorum
994 475 1026 541 in

105 562 242 631 diversos
262 584 409 651 personas
439 563 473 631 lit
501 565 604 631 diuina
628 565 830 654 providentia,
854 563 1026 630 seeundum

108 653 338 740 quodquidam
375 653 473 739 magis
508 654 694 722 inclinantur
727 654 766 720 ad
796 655 856 721 hoe
892 652 1027 720 officium

108 760 198 828 quam
222 741 352 808 adalia.
376 743 426 808 Sie
450 763 524 828 ergo
548 757 629 830 patet
658 744 742 831 quod
765 744 818 830 qui
842 742 1024 830 temporalia

107 831 284 918 relinquunt
306 852 368 897 non
391 832 448 898 sibi
465 833 650 898 subtrahunt
665 832 920 900 sustentationem
937 833 1027 909 vitae,

107 933 140 985 ut
161 920 296 987 seeundo
331 921 407 999 ratio
445 921 647 1010 proponebat.
680 922 829 988 Remaoet
862 920 946 986 enirn
983 921 1027 986 eis

107 1027 175 1095 spes
211 1008 379 1097 probabilis
417 1031 492 1076 suae
530 1012 609 1076 vitae
642 1009 871 1094 sustentandae,
906 1010 954 1100 uel
989 1029 1036 1075 ex*

108 1095 213 1164 labore
237 1098 362 1186 proprio
385 1099 431 1166 rel
455 1119 494 1165 ex
517 1100 647 1166 aliorum
672 1100 839 1179 benefieiis,
860 1099 925 1166 sive
948 1100 1027 1166 aoei-

110 1187 192 1274 piant
222 1207 258 1252 ea
293 1190 323 1252 in
363 1189 605 1275 possessionibus
639 1185 859 1256 communibus
892 1188 957 1254 sive
994 1188 1026 1253 in

109 1275 188 1342 victu
211 1275 401 1363 quotidiano;
423 1278 501 1344 sieut
524 1279 608 1344 enim
631 1278 715 1366 quod
739 1298 795 1366 per
818 1277 934 1344 amieos
956 1297 1027 1366 pos·

109 1383 213 1430 sumus
236 1385 291 1451 per
314 1387 369 1431 nos
403 1367 573 1453 aliqualiter
607 1387 784 1454 possumus,
818 1381 852 1432 ut
887 1365 1027 1432 Philoso-

109 1453 187 1540 phus
211 1454 293 1533 dicit,
317 1455 357 1520 ita
380 1467 410 1520 et
433 1455 516 1542 quod
551 1456 589 1522 ab
613 1457 719 1523 amieis
742 1455 874 1524 babetur
897 1476 914 1522 a
938 1455 1027 1522 nobis

110 1541 278 1630 aliqualiter
300 1543 441 1630 habetur.

177 1630 303 1720 Oportet
326 1647 430 1698 autern
453 1632 533 1699 inter
562 1633 705 1700 homines
729 1632 768 1698 ad
802 1631 934 1700 inrieem
958 1653 1027 1699 esse
1097 1651 1107 1670 ·

109 1719 284 1800 amicitiani,
305 1721 477 1788 seeundum
500 1724 584 1810 quod
607 1723 665 1789 sibi
678 1722 808 1788 invicem
820 1722 1027 1797 subserviunt,

110 1809 159 1876 vel
196 1812 225 1876 in
261 1811 470 1898 spiritualibus
504 1812 552 1878 vel
590 1812 621 1878 in
654 1813 785 1878 terrenis
818 1809 934 1881 officiis.
977 1811 1027 1876 Est

107 1899 374 1988 autem(tanto)
412 1899 511 1988 majus
535 1901 700 1967 subvenire
737 1900 824 1966 alteri
859 1900 1025 1987 spirituali·

109 1987 168 2052 bus
191 2009 281 2076 quam
304 1991 336 2054 in
364 1989 583 2076 temporalibus
617 2003 731 2076 quanto
765 1988 933 2077 spiritualia
956 2002 1028 2056 sunt

108 2078 327 2163 temporalibus
362 2080 478 2165 potiora
514 2093 544 2144 et
576 2080 674 2158 marris
709 2081 883 2146 necessaria
918 2079 957 2144 ad
994 2079 1029 2144 ti·

110 2186 184 2230 nem
219 2165 414 2232 beatitudinis
451 2168 714 2253 consequendum.
754 2166 842 2232 Unde
880 2169 932 2253 qui
955 2167 1030 2233 sub·

107 2254 201 2319 trahit
232 2256 290 2322 sibi
324 2255 500 2321 facultatem
543 2255 746 2322 subveniendi
782 2255 849 2321 aliis
883 2257 915 2320 in
950 2269 1029 2320 tem·

108 2342 265 2430 poralibus
289 2365 345 2432 per
367 2344 570 2409 voluntariam
595 2357 819 2432 paupertatem,
843 2357 876 2410 ut
892 2346 1030 2432 acquirat

108 2433 275 2518 spiritualia
299 2453 354 2521 per
376 2453 455 2518 quae
482 2433 586 2499 utilius
619 2446 719 2519 potest
753 2433 819 2499 aliis
854 2433 1030 2513 subvenire,

108 2541 173 2586 non
195 2521 266 2588 iacit
288 2536 396 2590 contra
410 2522 528 2588 bonum
543 2521 696 2589 societatis
713 2523 881 2602 humanae,
895 2535 928 2588 ut
941 2524 1029 2589 tertia

108 2611 186 2676 ratio
209 2611 421 2679 oonoludebat.

173 2697 261 2765 Patet
282 2701 375 2766 etiam
399 2721 436 2766 ex
453 2700 615 2787 praedietis
631 2697 715 2787 quod
731 2697 855 2764 divitiae
871 2699 1028 2785 quoddam

109 2785 228 2854 bonum
253 2790 386 2856 bominis
409 2805 490 2869 sunt,
525 2789 696 2856 seeundum
732 2787 813 2873 quod
848 2788 1031 2853 ordinantur

107 2877 147 2941 ad
171 2876 287 2943 bonum
312 2879 448 2958 rationis,
472 2892 660 2944 nouantem
684 2875 856 2942 secundum
881 2896 924 2956 se;
947 2876 1030 2942 unde

106 2965 184 3031 nibil
206 2965 349 3053 prohibet
372 2981 583 3055 paupertatem
609 2967 720 3032 melius
743 2985 821 3044 esse,
844 2965 869 3030 si
893 2983 1029 3051 peream
1064 3035 1069 3044 ,

105 3053 146 3154 ad
170 3054 333 3141 perfectius
357 3057 474 3123 bouum
498 3056 614 3144 aliquid
645 3055 817 3134 ordinatur,
841 3067 871 3120 et
905 3055 948 3120 sio
971 3055 1032 3121 sol*

106 3157 188 3208 vitur
208 3158 317 3231 quarta
340 3147 428 3211 ratio.

171 3231 217 3313 Et,
239 3234 311 3319 quia
333 3240 439 3321 neque
458 3234 580 3300 divitiae
614 3251 717 3317 neque
740 3243 906 3318 paupertas
928 3251 1030 3318 neque

105 3318 191 3387 aliud
225 3323 411 3388 exteriorum
442 3336 488 3388 est
524 3321 696 3388 seeundum
731 3341 765 3386 se
803 3318 938 3385 bominis
974 3321 1030 3386 bo-

105 3429 193 3490 num,
226 3411 280 3477 sed
314 3413 418 3477 solum
451 3412 622 3476 seeundum
659 3408 742 3496 quod
777 3408 960 3482 ordinantur
991 3409 1029 3474 ad

106 3496 225 3566 bouum
248 3499 384 3582 rationis,
407 3499 483 3567 nihil
498 3499 642 3590 prohibet
676 3518 713 3565 er
747 3497 900 3592 quolibet⁸
920 3517 1029 3564 eorum
