2462 3968
210 216 275 282 att
524 237 579 282 tta.
604 237 645 281 ιιι.
670 236 733 282 etr.
757 234 843 280 ιιιι.

206 303 378 370 secundum
410 285 495 370 illud:
523 305 638 370 Sediati
659 307 922 388 superroratam,
946 307 997 390 qui
1005 308 1137 390 judicus

199 393 369 480 justitium,
392 393 505 460 Psalm.
531 395 562 473 ll,
588 395 617 460 ὅ.
642 395 730 460 Unde
753 394 825 461 dicit
849 393 1013 480 Dionysius
1037 397 1136 484 quod,

207 482 366 570 perhanc
400 483 695 562 denominationem,
732 483 911 568 designatur
944 485 1026 569 quod
1063 501 1135 550 sunt

207 571 314 637 deiferi
338 571 430 636 etad
454 593 563 638 omnes
588 573 705 638 divinas
728 572 939 659 susceptiones
975 573 1135 641 familiari-

207 675 253 727 ter
276 682 292 724 a
319 661 350 724 ti.
419 703 420 708 κ
713 709 719 722 .

273 681 340 814 ltin
364 761 466 814 utitem
490 749 534 815 sic
557 750 724 836 praemissa
741 748 937 832 intelligenda
950 763 1020 816 sunt
1045 752 1133 838 quasi

207 838 290 904 aliud
314 838 353 902 sit
375 837 477 902 divina
500 837 621 904 bonitas
644 852 675 904 et
698 838 781 903 aliud
819 837 922 902 diviua
946 843 1081 905 essentia
1105 855 1134 904 et

207 927 291 992 aliud
314 927 440 991 scientia
464 945 569 991 rerum
600 928 833 1014 dispositionem
872 930 1044 1008 continens,
1079 929 1134 994 sed

207 1017 278 1102 quia
302 1014 473 1080 secundum
499 1015 558 1080 boc
570 1016 675 1082 alia'ct
698 1017 814 1080 aliaest
830 1013 897 1100 ejus
911 1017 1131 1082 consideratio.

273 1104 359 1182 ltem,
384 1103 465 1168 inter
487 1102 570 1189 ipsos
593 1106 684 1170 etiam
709 1103 869 1170 iuieriores
898 1105 1032 1191 spiritus,
1078 1107 1131 1193 qui

207 1193 300 1258 divini
340 1193 456 1258 ordinis
490 1214 545 1279 per
583 1214 636 1258 cos
677 1193 849 1280 exequendi
883 1193 1054 1280 perlectam
1080 1217 1132 1262 eo·

206 1282 377 1367 gnitionem
403 1302 458 1367 per
481 1284 656 1368 superiores
683 1283 807 1370 spiritus
831 1299 1078 1370 consequuntur,
1103 1305 1136 1350 o-

205 1381 307 1457 portet
344 1369 485 1436 ordinem
517 1391 595 1448 esse;
620 1391 692 1436 nam
717 1371 769 1457 qui
793 1371 948 1437 intereos
978 1387 1053 1439 suut
1092 1375 1132 1439 al-

206 1460 291 1525 tioris
304 1459 422 1524 uirtutis
437 1461 529 1524 etiam
543 1473 614 1526 sunt
624 1460 853 1525 universalioris
865 1461 896 1524 iu
909 1463 1130 1548 cognoscendo

205 1548 289 1614 uude
312 1548 520 1632 cognitionem
544 1549 660 1614 ordinis
683 1548 893 1636 prouidentiae
916 1551 947 1614 in
972 1553 1130 1639 principiis

205 1650 236 1703 et
259 1638 358 1702 causis
382 1638 479 1722 magis
502 1638 725 1702 universalibus
761 1637 981 1724 adipiscuntur3
1004 1639 1132 1706 inferio-

204 1746 255 1791 res
279 1747 352 1791 vero
376 1730 406 1791 in
430 1727 531 1791 causis
545 1728 643 1811 magis
660 1727 902 1812 particularibus
915 1729 1033 1795 altioris
1046 1731 1131 1795 enim

204 1815 378 1880 intellectus
400 1827 480 1880 esset
505 1815 602 1880 homo
624 1817 675 1901 qui
701 1815 842 1880 ordinem
866 1818 1006 1882 omnium
1043 1833 1133 1884 natu·

204 1903 317 1968 ralirrm
341 1903 536 1968 considerare
561 1917 663 1990 posset
686 1905 717 1968 in
740 1905 922 1990 corporibus
945 1907 1132 1973 caelestibus

205 2012 299 2076 quam
338 1993 390 2078 qui
429 1992 545 2075 indiget
584 1993 623 2056 ad
663 1992 832 2078 perlectam
856 1995 1068 2079 coguitionem
1093 1996 1131 2061 ad

204 2079 351 2146 inferiora
374 2082 559 2167 prospicere.
585 2081 631 2145 llli
655 2083 747 2165 igitur
770 2083 822 2171 qui
846 2084 876 2148 in
890 2085 989 2149 causis
1004 2087 1132 2150 univer·
1217 2091 1218 2096 ’

204 2169 330 2249 salibus,
369 2190 449 2254 quae
486 2183 557 2234 sunt
595 2171 716 2235 mediae
754 2171 833 2246 iuter
871 2173 984 2248 Deum,
1007 2175 1062 2259 qui
1086 2187 1131 2240 est

205 2258 462 2324 universalissima
486 2279 589 2337 causa,
606 2271 635 2324 ct
648 2254 757 2340 causas
776 2261 986 2347 particulares
1000 2256 1132 2348 possunt

204 2347 345 2412 ordinem
386 2347 595 2434 providentiae
634 2346 769 2433 periente
808 2369 1005 2434 cognoscere,
1033 2352 1129 2416 medii

203 2449 275 2500 sunt
299 2436 378 2501 iuter
401 2436 469 2501 illos
492 2437 544 2522 qui
569 2437 668 2520 inipso
690 2430 759 2502 ilco
789 2440 938 2504 rationem
978 2441 1127 2525 praedicti

204 2523 321 2590 ordinis
345 2524 541 2589 considerare
564 2521 719 2590 sufficiunt
741 2539 771 2590 et
794 2547 847 2591 eos
886 2527 938 2613 qui
961 2527 992 2591 iu
1027 2529 1129 2594 causis

204 2612 439 2697 particularibus
468 2634 594 2680 neccsse
617 2614 733 2678 habent
755 2615 960 2682 considerare.
985 2616 1020 2681 Et
1056 2619 1087 2682 bi
1113 2639 1129 2682 a

203 2701 354 2788 Dionysio
379 2715 536 2790 ponuntur
559 2705 589 2766 in
613 2703 715 2768 media
739 2705 920 2782 ltierarcbia,
943 2725 1033 2790 quae,
1050 2707 1128 2771 sicut

205 2811 223 2854 a
258 2795 403 2877 suprema
442 2791 592 2876 dirigitur,
616 2795 656 2856 ita
679 2791 782 2877 dirigit
805 2793 956 2872 intimam,
989 2809 1023 2859 ut
1057 2795 1129 2860 dicit

141 2888 146 2897 “
205 2879 349 2966 (Caelest.
374 2880 467 2957 llier,
490 2900 516 2944 c.
540 2881 597 2959 7.).

269 2967 352 3034 luter
376 2969 431 3033 bas
454 2968 547 3034 etiam
573 2968 794 3034 intellectuales
816 2969 1000 3035 substantias
1038 2992 1128 3058 opor·
1217 2991 1218 3030 ι

203 3069 247 3120 tet
282 3056 364 3142 quod
396 3055 473 3122 ordo
497 3058 622 3143 quidam
646 3058 763 3136 existen
787 3079 858 3122 nam
882 3059 947 3144 ipsa
970 3059 1127 3125 universa·

203 3145 240 3210 lis
264 3147 475 3232 providentiae
500 3147 651 3234 depositio
674 3147 867 3212 distribuitur
890 3146 1027 3232 quidem:

269 3235 373 3298 Primo
388 3235 418 3300 in
443 3235 555 3300 multos
580 3250 771 3311 executorem
784 3235 1005 3322 quodquidam
1023 3237 1056 3302 tit
1071 3257 1125 3322 per

202 3321 343 3387 ordinem
368 3324 629 3402 Domirtatiortum3
653 3324 850 3390 dominorum
873 3325 956 3390 enim
981 3339 1123 3411 estprac·

204 3413 306 3495 cipere
330 3412 404 3497 quid
428 3413 478 3478 alii
517 3427 719 3498 exequantur:
756 3413 1020 3500 undeDionysius
1055 3413 1125 3478 dicit

203 3498 287 3586 quod
309 3519 425 3564 nomen
449 3499 669 3568 dominationis
707 3502 850 3587 designat
877 3501 1013 3590 aliquam
1051 3523 1122 3568 aua·
