2462 3968
308 258 366 303 tra.
392 257 434 302 nr.
459 257 523 302 cna.
548 255 624 301 cxix.
647 255 684 298 rr
707 254 772 301 cxx.
933 229 999 298 905

69 327 166 415 priam
192 325 329 392 formam
353 326 384 390 in
409 325 539 392 alterurn
558 322 750 409 subjectum,
773 320 828 389 sed
845 319 999 387 reducens

68 415 245 502 subjectum
272 415 354 500 qaod
378 415 493 501 patitur
517 415 557 480 de
580 413 715 500 potentia
739 413 771 478 in
793 423 906 477 actum.
929 409 999 475 Non

69 506 161 590 igitur
191 502 366 572 auferimus
405 504 544 590 proprias
582 503 718 568 actiones
753 501 845 566 rebus
879 498 1001 574 creatis,

20 677 23 684 Ι
70 595 209 680 quamvis
235 613 346 658 omnes
369 593 494 659 allectus
516 612 621 657 rerum
656 603 830 656 creatarum
867 587 934 654 Deo
958 600 1001 652 at-

70 682 260 761 tribuamus,
283 683 370 769 quasi
394 683 426 747 in
450 681 595 748 omnibus
630 675 780 766 bperanti.

383 857 564 926 CAPUT
603 856 693 922 LXX.

233 999 394 1081 mornado
415 999 500 1064 idem
515 999 641 1084 effectus
675 999 715 1062 ait
738 1016 759 1062 u
783 997 847 1062 Deo

344 1100 374 1154 et
399 1109 419 1154 u
453 1089 594 1152 naturali
617 1099 735 1170 apcntc.

136 1209 338 1293 Quibusdam
362 1223 464 1275 autem
489 1207 616 1274 difficile
656 1208 777 1274 videtur
815 1205 854 1274 ad
891 1204 1003 1271 iutelli-

72 1300 211 1386 gendum
238 1299 322 1383 quod
346 1299 471 1365 effectus
493 1298 650 1364 naturales
688 1295 895 1362 attribuantur
934 1293 1001 1360 Deo

73 1403 103 1454 et
125 1388 264 1454 naturali
288 1389 400 1474 agenti.

137 1477 219 1543 Nam
245 1497 307 1543 una
332 1478 410 1543 actio
433 1497 450 1541 a
474 1475 596 1542 duobus
619 1473 781 1558 agentibus
815 1493 879 1538 non
914 1471 999 1536 vidc-

75 1577 122 1630 tur
145 1566 297 1650 progredi
320 1585 419 1652 posse.
444 1565 475 1630 Si
499 1566 593 1650 igitur
616 1565 695 1628 actio
725 1583 781 1649 per
816 1582 911 1648 quarn
949 1581 1003 1627 aa·

76 1655 182 1720 ruralis
207 1655 338 1720 eil'ectus
362 1654 544 1741 producitur
577 1651 756 1741 procedite
795 1671 926 1738 corpure
948 1671 1004 1716 na·

78 1744 179 1822 tonali,
204 1763 269 1809 non
294 1743 432 1830 procedit
455 1763 472 1807 a
496 1743 573 1808 Dea.

142 1833 234 1908 ltem,
259 1833 350 1914 Quod
374 1845 473 1918 potest
497 1831 563 1896 fieri
587 1827 774 1895 sufficienter
812 1847 868 1915 per
906 1846 1004 1894 unurn

79 1921 272 2005 superllaum
296 1921 448 2007 estquod
473 1921 524 1984 stat
547 1940 602 2007 per
626 1918 732 1995 multa3
756 1917 896 1983 videmus
919 1917 1004 1984 euim

78 2009 159 2093 quod
183 2025 294 2075 natura
317 2030 380 2074 non
406 2009 476 2074 lacit
499 2029 554 2096 per
577 2008 639 2072 duo
677 2008 881 2073 instrumenta
919 2006 1005 2093 quod

79 2110 178 2182 potest
200 2099 304 2165 lacere
328 2119 384 2186 per
406 2119 515 2163 unum.
540 2097 617 2163 Cum
641 2096 735 2181 igitur
768 2098 863 2161 virtus
902 2094 1007 2160 divina

81 2184 236 2253 sufficiens
259 2187 298 2253 sit
331 2186 371 2252 ad
409 2186 637 2273 producendos,
676 2185 801 2250 effectus
840 2184 1007 2262 naturales,

82 2276 276 2360 superfluum
300 2291 346 2341 est
369 2275 529 2349 adbibere,
551 2275 589 2339 ad
614 2273 740 2338 eosdem
771 2273 897 2338 effectus
934 2293 1006 2359 pro·

84 2360 255 2444 ducendos,
278 2365 370 2430 etiarn
394 2365 549 2430 naturales
583 2363 720 2438 virtutes3
754 2363 814 2441 rel,
852 2362 877 2427 si
912 2362 1008 2427 virtus

82 2455 232 2520 naturalis
254 2452 440 2520 sufficienter
473 2453 633 2541 proprium
672 2451 815 2516 ellectum
853 2449 1009 2536 producit,

85 2541 281 2626 superfluum
304 2543 456 2630 estquod
479 2542 582 2608 divina
606 2540 700 2606 virtus
720 2539 758 2604 ad
794 2539 941 2606 eumdem
965 2538 1009 2605 ei·

84 2625 197 2696 iectnrn
223 2644 302 2716 agat.

150 2719 325 2799 Praeterea,
348 2720 373 2785 si
405 2721 488 2786 Deus
523 2731 620 2784 totum
657 2717 799 2782 ellectum
833 2716 1008 2782 naturalem

85 2807 238 2890 producit,
260 2809 336 2874 nibil
359 2809 397 2873 de
420 2808 531 2872 effectu·
555 2807 741 2894 relinquitur
757 2806 889 2871 naturali
906 2807 1009 2891 agenti

87 2893 124 2958 ad
147 2897 395 2982 producendum.
420 2896 489 2961 Non
514 2895 635 2960 videtur
657 2897 750 2980 igitur
773 2914 841 2960 esse
864 2895 1010 2981 possibile

88 2985 169 3067 quod
193 2986 322 3052 eosdem
347 2985 475 3051 allectus
501 2984 584 3048 Deus
609 2984 779 3070 producere
791 2982 911 3048 dicatur
926 2984 1010 3070 quod

89 3089 136 3138 rea
159 3075 316 3141 naturales
344 3075 530 3162 producunt.

90 3248 227 3305 ticularurn
246 3251 458 3322 imponderabilis
476 3250 613 3319 cujusdam
630 3249 716 3315 nutui,
734 3248 806 3320 quod
824 3247 944 3302 omnibus
955 3264 1012 3302 cor·

93 3320 198 3386 poribus
215 3325 292 3376 inest.
312 3323 385 3376 Unde
402 3322 433 3375 fit
452 3328 481 3374 ut
500 3338 558 3375 curn
572 3337 666 3391 corpus
684 3320 788 3390 aliquod
807 3320 923 3374 calefacit
941 3321 1013 3373 aliud

93 3390 203 3446 vibratio
220 3395 299 3462 hujus
317 3395 402 3457 lluidi,
421 3408 489 3463 quae
507 3395 534 3445 in
562 3393 727 3445 calefaciente
745 3392 883 3446 actualiter
913 3392 1011 3458 existit,

94 3461 193 3540 reducit
210 3467 243 3518 de
261 3467 378 3534 potentia
396 3466 423 3517 in
443 3470 530 3517 actum
560 3465 734 3518 vibrationem
765 3478 833 3535 quac
861 3464 889 3518 iu
921 3462 1014 3519 caleia-

97 3534 183 3588 creudo
200 3551 310 3608 corpore
328 3537 355 3590 iu
375 3537 492 3607 potentia
511 3541 576 3589 crat.
