2494 3970
216 238 259 304 11
504 259 559 304 tta.
584 236 625 304 nr.
651 259 713 307 ula.
738 261 787 307 nr.
814 261 848 306 ετ
873 261 933 306 vrit.

281 327 428 415 Amplius,
452 327 619 394 Probaturn
642 343 688 395 est
711 330 745 417 (l.
768 332 799 409 a,
821 351 848 396 e.
872 329 908 416 li)
932 329 1015 416 quod
1039 349 1133 395 omne

215 437 293 496 esse,
315 433 510 504 quocumque
533 417 627 483 modo
650 419 699 500 sit,
722 430 768 486 est
789 420 898 485 allen.
910 419 1011 486 Deum
1027 432 1131 484 autem

214 526 281 572 esse
305 505 470 608 perlectam
494 506 661 572 bonitatem
686 509 877 576 ostendimus
901 509 935 593 (l.
961 509 990 586 1,
1013 529 1039 574 ε.
1064 507 1132 584 bb).
1208 567 1210 575 .

215 595 323 660 Cum
316 597 408 682 igitur
440 595 512 661 boni
547 595 673 662 effectus
707 599 825 664 malum
848 617 1002 664 essenon
1035 597 1133 683 possit

218 681 278 771 (l),
300 684 490 771 impossibile
524 697 570 750 est
601 685 727 772 aliquod
763 708 828 762 ens,
856 688 887 752 in
912 701 1062 774 quantum
1086 698 1133 750 est

218 793 272 839 ens
296 795 364 838 esse
387 774 514 839 malurn.

282 862 358 928 llinc
381 864 534 949 estquod
557 862 678 930 dieitur:
710 865 790 929 Vidit
815 865 903 945 Deus,
919 875 1029 929 cuneta
1056 883 1135 948 quae

215 953 341 1035 fecerun
364 964 394 1016 et
415 963 506 1017 erum
526 954 618 1019 ualde
642 953 731 1030 bonu,
748 953 837 1032 Gerr„
862 955 892 1033 1,
908 954 962 1030 51;
985 966 1026 1018 et:
1053 953 1133 1017 Cun-

216 1053 265 1106 eta
287 1039 462 1124 ferit‘bonu
484 1041 517 1108 in
541 1054 675 1126 tempore
698 1065 764 1122 suo,
799 1043 897 1109 Euele.
932 1043 964 1121 5,
1000 1043 1054 1116 11;
1091 1055 1135 1106 ει·

220 1130 327 1194 Omnis
349 1143 493 1196 ereatura
507 1131 565 1196 Dei
589 1131 668 1198 bona
684 1145 739 1211 est,
764 1133 777 1198 1
816 1133 910 1212 Tim„
933 1131 964 1211 b,
986 1132 1017 1198 b.
1040 1167 1084 1180 -
1099 1129 1135 1196 tlt

216 1219 382 1305 Dionysius
404 1219 474 1304 (de
497 1219 598 1286 Dirin.
620 1221 772 1309 Nomio.)
803 1222 876 1288 dicit
910 1220 994 1308 quod
1017 1220 1138 1286 maium

215 1329 276 1372 nnn
299 1320 345 1374 est
366 1309 498 1374 existens
520 1310 663 1397 (scilieet
684 1333 741 1395 per
763 1332 795 1376 se
811 1315 835 1389 ),
868 1332 922 1376 nee
944 1311 1067 1395 dliquid
1103 1310 1136 1372 in

217 1397 415 1464 existentibus
437 1401 527 1483 quusi
548 1401 701 1476 eredens,
716 1403 795 1466 sient
806 1400 918 1466 albedo
933 1400 983 1465 uel
996 1398 1135 1484 rripredo.

283 1486 342 1552 Per
365 1488 423 1553 hoe
446 1500 550 1554 autem
574 1489 749 1555 excluditur
772 1510 859 1556 error
882 1488 1136 1555 Manichaeorum

216 1577 399 1664 ponentium
437 1577 556 1664 aliquas
594 1599 654 1658 tes,
689 1579 860 1644 seeundum
898 1597 969 1644 snas
1001 1591 1137 1652 naturas,

217 1665 313 1730 malas
336 1685 414 1731 esse.

539 1753 709 1821 CAPUT
744 1754 820 1822 Vlll.

305 1875 451 1944 Rationes
473 1888 581 1942 enutru
589 1878 800 1962 praemissam
816 1879 1048 1944 conclusionem.

283 2017 412 2085 Videtur
434 2029 537 2082 autem
560 2017 745 2103 quibusdam
769 2017 940 2084 rationibus
963 2015 1139 2104 praediatus

217 2109 387 2174 sententiae
410 2125 500 2194 posse
523 2105 651 2172 obviari.
1239 2159 1240 2178 ,

283 2197 325 2262 Ex
349 2195 567 2284 propriaeuim
584 2195 753 2262 differentia
778 2195 920 2283 specibus
944 2195 1141 2280 unumquod-
1239 2227 1240 2234 ι

217 2308 278 2372 qne
301 2285 436 2373 speeiem
459 2284 595 2350 sortitur
617 2285 732 2350 Malum
756 2299 860 2350 antem
882 2297 929 2348 est
966 2283 1141 2350 differentia

217 2375 390 2463 specifica
383 2395 413 2439 tn
437 2372 591 2460 aliquibus
614 2374 790 2458 generibus,
814 2372 978 2440 seilicet
970 2393 1001 2437 rn
1027 2372 1141 2438 habiti-

218 2465 277 2532 bus
299 2477 329 2529 et
352 2463 469 2528 actibus
492 2462 671 2541 moralibus;
693 2469 771 2528 sieut
793 2462 877 2527 enirn
903 2462 1007 2540 virtus,
1031 2482 1141 2528 senun-

218 2555 293 2619 dum
309 2573 407 2619 suam
413 2551 559 2639 speciem,
573 2565 619 2617 est
635 2553 734 2617 botrus
748 2551 883 2625 habitus,
895 2553 934 2615 ita
949 2551 1139 2617 contrarium

219 2645 326 2709 uitium
350 2655 396 2707 est
419 2641 518 2706 malus
542 2641 679 2716 habitus,
699 2639 871 2706 seeundum
884 2660 973 2706 suam
989 2643 1139 2725 speeiem3

218 2747 249 2798 et
271 2731 411 2798 similiter
433 2729 472 2794 do
496 2729 614 2794 actibus
639 2730 784 2796 virtutum
797 2743 827 2794 ει
844 2731 1001 2795 vitiorum.
1025 2729 1139 2796 Malum

218 2823 312 2905 igitur
335 2832 381 2886 est
403 2819 480 2884 dsns
502 2819 638 2905 speeiem
662 2818 816 2906 aliquibus
840 2820 944 2897 relius3
967 2831 1013 2884 est
1048 2817 1141 2906 igitur

219 2912 320 2999 aliqua
343 2907 475 2976 essentia
498 2921 528 2973 et
551 2907 705 2993 aliquibus
727 2908 820 2974 rebus
847 2908 1004 2974 naturalis.

199 2998 203 3007 '
286 3000 459 3078 Praeterea,
494 2995 666 3082 Utrumque
701 2997 925 3064 contrariorum
960 3010 1007 3062 est
1030 3011 1139 3064 natura

189 3156 192 3164 ,
219 3089 383 3176 quaedam;
405 3087 429 3153 si
465 3086 548 3151 enim
571 3086 648 3152 nihil
671 3101 800 3174 poneret
816 3086 948 3152 alterurn
971 3089 1141 3152 eontrariu-

220 3199 291 3245 rnm
319 3179 380 3264 11),
403 3188 484 3243 εεεει
508 3175 637 3263 privatio
661 3176 710 3242 rel
732 3176 855 3261 negatio
878 3194 965 3262 pura
989 3174 1050 3240 Sed
1087 3177 1143 3241 bo-

273 3340 313 3409 (ll
332 3338 404 3394 Ordo
422 3335 563 3390 verborum
581 3341 633 3388 εει.
650 3335 715 3388 Cum
735 3334 817 3402 igitur
847 3335 945 3387 malum
975 3349 1028 3388 uun
1058 3339 1139 3404 possit

219 3429 276 3467 esse
294 3412 401 3464 effectus
419 3408 490 3461 boni.

272 3482 311 3553 lbi
332 3481 361 3535 su·
378 3482 448 3533 enim
464 3477 534 3531 nibil
562 3483 669 3546 poneret
698 3475 815 3529 alterurn
842 3478 1041 3530 contrariorum.
1068 3476 1140 3530 Ordo

213 3555 361 3612 seruorum
380 3558 430 3606 εει·
449 3550 476 3604 Si
496 3549 608 3601 atterum
627 3548 820 3601 contrariorum
838 3549 902 3603 nihil
920 3554 1036 3619 poneret.
