2516 3968
223 213 288 280 496
397 167 423 196 ⁹
615 233 701 280 ranna

221 320 284 392 Cap.
305 314 363 372 444.
381 315 459 384 Quod
481 333 529 389 per
537 328 673 388 peceatum
693 319 803 374 mortale
832 309 925 374 ultimo
938 363 941 370 .
953 319 1004 373 line

294 417 298 426 .
380 391 475 460 aliquis
493 393 524 454 in¹
539 398 675 444 aeternum
693 395 822 463 privatur.
856 417 869 444 ·.
902 419 915 444 ·.
952 430 959 444 .
994 406 1051 460 pag.
1097 389 1153 447 459

220 461 285 534 (lap.
304 459 364 517 444.
383 461 458 526 Quod
469 469 572 532 peecata
592 467 742 533 puniuntur
760 465 839 531 etiarn
857 479 906 534 per
930 479 1009 535 expe·-

380 536 505 587 rieutiam
522 536 632 603 alieuius
645 537 730 588 nocivi
732 571 1006 589 .......
1040 552 1055 586 ιι
1092 533 1150 588 lli

222 603 286 676 Cep.
305 602 365 659 444.
383 606 462 678 Quod
477 605 610 675 judicibus
627 607 687 659 licet
704 621 801 678 poenas
815 605 920 660 inferre.
956 645 962 660 .
1000 613 1058 658 .“ιι
1095 605 1150 660 444

472 775 475 780 ·
515 771 518 778 ·
555 762 588 799 ott
608 761 702 800 ultim
720 761 815 800 blvlttl.

223 883 288 958 Cap.
307 881 367 938 447.
386 883 463 950 Quod
482 883 560 937 bomo
572 885 672 954 indiget
684 885 775 937 divino
787 884 885 939 auxilio
897 883 931 936 ad
944 881 1008 938 beo·

381 957 520 1010 titudinem
543 957 755 1025 consequendam
775 989 959 1010 .....
985 993 1002 1008 ..
1041 975 1055 1008 ιι
1096 955 1152 1010 447

151 1072 153 1076 .
223 1024 288 1098 Cap.
307 1023 367 1081 448.
385 1027 461 1093 Quod
481 1043 528 1098 per
546 1029 672 1080 auxilinm
691 1028 795 1081 diriuae
813 1029 913 1097 gratiae
931 1025 1022 1078 bomo
1089 1030 1095 1064 ·'

302 1149 304 1154 .
385 1114 439 1152 non
457 1102 559 1168 cogitur
577 1101 610 1152 44
636 1101 762 1152 virtutem
778 1134 1005 1152 ......
1043 1116 1057 1150 ιι
1100 1096 1155 1150 440

224 1169 289 1241 Cap.
308 1168 368 1224 440.
386 1170 463 1235 Quod
490 1173 653 1241 praedictum
685 1173 812 1224 auxilium
839 1169 917 1222 borno
947 1185 1010 1238 pro·

379 1245 475 1296 mereri
493 1261 545 1297 non
564 1251 650 1314 potest
651 1276 1009 1296 .........
1046 1259 1059 1291 ι
1099 1237 1152 1292 444

227 1313 290 1384 Cep.
310 1310 370 1366 440.
388 1312 465 1379 Quod
477 1317 640 1385 praedictum
659 1313 787 1367 auxilium
816 1315 904 1382 gratia
928 1312 1013 1364 noni·

385 1392 473 1453 natur,
491 1393 518 1439 et
536 1388 601 1457 quid
613 1389 647 1441 sit
656 1387 740 1456 gratia
754 1391 859 1454 gratum
879 1385 979 1437 latiens
998 1421 1005 1433 .
1043 1402 1057 1434 ιι
1097 1377 1157 1436 444

227 1456 290 1528 Cap.
313 1453 372 1509 l5l.
390 1455 467 1522 Quod
478 1465 562 1526 gratia
572 1467 677 1527 gratum
687 1457 786 1510 latiens
798 1463 887 1509 causet
899 1458 926 1508 iu
938 1451 1013 1507 uobis
1089 1485 1092 1490 -

373 1529 552 1582 dilectionem
571 1531 620 1582 Dei
637 1559 657 1583 ·.
695 1565 701 1580 .
739 1525 766 1578 ι’
783 1563 1011 1583 .......
1046 1545 1060 1576 ιι
1100 1521 1155 1575 tt?

229 1601 291 1670 Cap.
312 1596 373 1652 tta.
393 1601 472 1667 Quod
489 1602 578 1656 divina
597 1604 681 1670 gratia
699 1607 790 1653 causat
802 1597 1011 1652 innobislidem.
1047 1615 1062 1650 ιι
1100 1591 1154 1650 449

229 1666 294 1742 Cep.
313 1668 372 1724 445.
391 1669 468 1735 Quod
486 1673 576 1726 divina
594 1676 679 1741 gratia
697 1679 788 1725 causat
806 1675 834 1725 in
851 1669 924 1724 bouis
937 1685 1013 1739 spem

389 1740 702 1798 laturae-beatitudinis.
828 1778 1011 1794 .....
1048 1758 1062 1792 ιι
1101 1734 1157 1790 460

229 1813 293 1884 Cap.
314 1809 373 1867 444.
390 1813 431 1866 De
448 1813 524 1868 donis
542 1817 641 1884 gratiae
660 1815 742 1885 gratis
760 1815 848 1885 datee;
860 1815 893 1866 de
911 1812 1012 1866 divina·

389 1887 505 1938 tionibus
523 1887 700 1939 daemonum.
738 1923 745 1938 .
782 1922 789 1936 .
826 1922 832 1937 .
869 1921 876 1936 .
913 1920 920 1934 .
958 1921 965 1937 .
1002 1913 1011 1938 .·
1046 1899 1061 1934 ιι
1100 1875 1155 1936 405

228 1953 292 2026 Cap.
312 1952 371 2008 444.
390 1955 467 2020 Quod
486 1957 563 2010 laonio
592 1959 693 2040 indiget
722 1953 821 2011 auxilio
851 1958 953 2024 gratiae
981 1958 1013 2009 44
1118 2017 1153 2070 73

227 2097 292 2168 Cap.
311 2094 370 2150 444.
380 2029 748 2170 444444441144411444444
772 2067 856 2168 34444
876 2114 924 2170 per
954 2063 1013 2169 neo2
1046 2039 1060 2074 n
1098 2018 1116 2076 Α

387 2177 475 2222 cotum
481 2177 567 2242 potest
577 2173 673 2224 iteruin
687 2187 736 2241 per
748 2179 859 2238 gratiam
879 2172 1009 2240 reparari.
1039 2183 1052 2215 ιι
1154 2160 1173 2213 (i

229 2242 293 2312 Cap.
313 2238 372 2293 447.
390 2240 468 2306 Quod
485 2243 562 2296 bomo
581 2260 596 2296 4
616 2250 720 2313 peceato
738 2243 846 2296 liberari
859 2255 911 2294 non
926 2248 1013 2312 potest
1092 2271 1094 2276 ·

389 2311 652 2383 uiaipergratiuin.
683 2343 685 2350 ·
689 2348 918 2366 ......
999 2351 1006 2365 .
1044 2327 1057 2358 ιι

229 2385 293 2453 Cap.
312 2379 371 2436 448.
391 2386 511 2452 Qualiter
529 2387 606 2440 homo
624 2403 638 2439 4
659 2390 763 2455 prototo
782 2386 919 2437 liberatur.
956 2419 962 2434 .
998 2419 1006 2435 .
1097 2379 1130 2390 ”

228 2455 293 2524 Cap.
313 2450 372 2508 449.
391 2453 468 2519 Quod
486 2457 677 2510 rationabiliter
695 2457 792 2508 homini
816 2457 963 2526 imputatur
993 2455 1015 2508 si

373 2528 421 2579 44
441 2529 525 2581 Deum
544 2543 597 2582 non
615 2533 796 2592 eonvertatur,
828 2526 1037 2604 quumvis-hoo¹
1105 2587 1160 2642 m

139 2738 144 2745 .
228 2668 292 2740 Cap.
311 2665 371 2722 lto.
386 2607 840 2756 8444484444441444444444444444
862 2633 1014 2736 4444134444
1049 2611 1063 2645 n
1104 2729 1161 2784 48„

227 2811 291 2882 ι...
311 2809 371 2866 ιιι.
389 2749 848 2884 adalburnaerita
876 2775 973 2865 ιιι...
991 2778 1029 2864 a
1144 2747 1161 2784 ⁰

388 2886 490 2953 aliquos
508 2886 535 2936 in
555 2895 660 2955 peccato
677 2885 803 2953 relinquit
831 2919 1013 2937 .....
1013 2907 1015 2910 ·
1016 2909 1018 2912 ·
1041 2895 1065 2928 ἰι
1102 2871 1158 2926 485

227 2955 292 3024 (lap.
311 2951 370 3007 444
389 2955 471 3020 Quod
492 2956 566 3009 Deus
586 2957 682 3008 nemini
705 2965 745 3008 est
773 2953 1013 3026 eausa-peooandi.
1050 2969 1065 2996 ιι
1103 2941 1159 2996 436

227 3025 292 3096 Cep.
311 3024 372 3081 444.
390 3026 429 3078 lle
459 3029 703 3096 praedestinatione,
721 3027 905 3095 reprobatione
930 3035 958 3080 et
987 3039 1020 3076 e··
1095 3051 1098 3058 .

387 3098 603 3152 leotiooedivina
616 3135 887 3157 .......
920 3121 931 3151 ·.
966 3134 973 3150 .
1009 3133 1016 3150 .
1052 3109 1068 3144 ιι
1107 3085 1164 3140 488
