2516 3968
417 240 473 286 uro.
497 237 538 288 nr.
561 241 625 287 car.
649 241 730 287 cxcv.
869 221 878 234 '
966 223 1032 290 llo

113 318 134 348 ·“
171 311 273 378 Poena
296 307 379 374 enim
402 309 495 378 debet
532 309 802 396 proportionaliter
835 309 945 396 culpae
982 333 1031 378 re·

103 399 270 489 spondere,
293 412 441 484 utsupra
464 401 505 482 (c.
530 400 608 484 lli)
625 413 783 464 ostensum
813 413 868 465 est.
886 401 918 465 ln
941 401 1031 488 eulpa

104 503 210 556 autem
252 507 315 553 non
353 487 454 552 solum
478 489 624 553 auertitur
646 507 734 554 mens
758 488 796 554 ab
819 487 928 554 ultimo
961 487 1034 570 fine,

103 577 159 645 sed
183 577 275 643 etiam
299 574 434 643 indebite
457 581 644 642 convertitur
666 576 696 640 in
735 575 792 642 alia
831 579 917 663 quasi
942 577 973 642 in
997 577 1032 643 tr-

102 688 170 734 nes.
193 665 260 732 Non
283 664 383 730 solum
408 685 482 750 ergo
506 665 681 752 puniendus
702 679 748 730 est
770 666 822 750 qui
846 679 951 754 peccat
974 686 1030 753 ρει

101 756 165 822 boc
186 754 269 842 quod
292 753 471 819 excludatur
505 754 617 831 ailoe,
640 754 695 820 sed
728 754 821 820 etiam
856 775 912 843 ρει
945 755 1028 842 quod

103 865 142 910 ex
165 843 232 909 aliis
256 841 349 908 rebus
372 843 482 908 sentiat
507 857 740 908 nocumentum.

171 931 320 1018 Amplius,
343 931 466 996 Poenae
499 930 672 998 inferuntur
695 952 752 1018 pro
790 932 899 1019 culpis,
922 945 955 998 ut
990 934 1027 998 ti-

103 1041 194 1087 more
218 1039 390 1107 poenarum
416 1020 560 1086 homines
583 1041 599 1085 a
624 1023 755 1106 peccatis
771 1021 977 1100 retrahantur,
994 1037 1028 1088 ut

103 1131 199 1198 supra
223 1115 276 1194 (e.
303 1109 392 1194 tlt)
417 1109 532 1174 dictum
559 1123 623 1176 est.
657 1108 764 1174 Nullus
801 1123 904 1175 nutem
939 1111 1026 1176 timet

104 1199 246 1264 amittere¹
270 1195 300 1262 id
324 1199 407 1284 quod
431 1219 493 1263 non
517 1197 673 1263 desiderat
696 1197 832 1284 adipisci;
871 1199 922 1285 qui
946 1219 1023 1284 ergo

103 1287 222 1353 habent
245 1285 432 1351 voluntatem
459 1307 599 1351 auersam
623 1287 662 1352 ab
686 1286 795 1352 ultimo
823 1287 884 1352 line
900 1307 963 1352 non
988 1289 1022 1353 ti-

104 1389 192 1441 ment
216 1375 335 1440 erteludi
359 1375 398 1440 ab
422 1375 483 1441 illo.
508 1375 574 1440 Nou
598 1395 673 1460 ergo
697 1395 752 1462 ρει
791 1375 888 1441 solam
918 1376 1021 1442 exelu-

12 1509 13 1516 .
101 1466 225 1544 sionem
250 1464 288 1530 ab
312 1464 419 1528 ultimo
453 1465 514 1530 stne
548 1486 565 1529 a
602 1465 758 1550 peccando
792 1479 1020 1530 revocarentur.

101 1553 232 1640 Oportet
254 1553 346 1638 igitur
369 1553 566 1638 peccantibus
589 1553 682 1618 aliam
706 1573 838 1640 poenam
867 1554 1020 1632 adbiberi,

103 1663 200 1730 quam
224 1643 351 1706 timeant
374 1657 543 1728 peccantes.
965 1660 968 1674 ¹

170 1731 259 1810 laam,
280 1730 311 1796 Si
336 1731 403 1816 quis
426 1750 464 1796 eo
487 1729 570 1816 quod
594 1729 702 1796 estad
726 1729 820 1796 finem
844 1731 1019 1796 inordinate

102 1819 209 1895 utitur,
232 1839 294 1884 non
317 1819 417 1884 solum
442 1820 503 1884 line
525 1819 671 1906 privatur,
709 1818 763 1884 sed
803 1819 895 1884 etiam
934 1821 1017 1886 alind

100 1921 324 1974 nocumentum
349 1909 485 1996 incurrit,
513 1922 546 1974 ut
568 1921 651 1996 patet
678 1907 709 1972 in
734 1907 804 1973 cibo
843 1908 1018 1974 inordinate

97 2010 268 2084 assumpto,
291 1997 343 2085 qui
366 2017 429 2062 non
452 1997 552 2062 solum
575 1997 736 2079 sanitatem
756 2017 823 2062 ¹uon
848 1995 947 2076 allent,
963 1999 1018 2065 sed

96 2087 190 2152 etiam
215 2084 439 2172 aegritudinem
463 2086 588 2151 inducit.
612 2087 673 2168 Qui
713 2099 816 2154 autem
854 2087 885 2148 in
923 2088 1017 2153 rebus

96 2176 211 2260 creatis
230 2173 324 2240 finem
341 2175 496 2247 constituit
511 2175 554 2239 eis
566 2195 628 2248 non
642 2175 736 2238 utitur
747 2172 919 2238 seeundum
933 2176 1016 2259 qnod

97 2265 201 2342 debet,
225 2263 387 2328 referendo
410 2263 524 2327 scilicet
548 2262 586 2326 ad
625 2263 767 2326 ultimum
807 2261 912 2326 linem.
950 2263 1017 2328 Nou

97 2373 174 2438 ergo
197 2353 298 2418 solum
321 2351 413 2416 debet
436 2351 536 2437 puniri
561 2371 616 2436 ρει
640 2351 698 2414 boc
721 2349 805 2434 quod
829 2351 1018 2416 beatitudine

13 2433 16 2454 .
97 2456 211 2519 careat,
233 2440 287 2506 sed
311 2441 403 2505 etiam
427 2459 482 2526 ρει
505 2439 564 2504 boe
587 2439 670 2526 quod
700 2437 825 2526 aliquod
847 2459 1017 2508 nocumen-

96 2544 164 2596 tum
189 2529 228 2594 ab
250 2530 322 2616 ipsis
345 2529 528 2614 experiatur.

165 2618 338 2696 Praeterea,
361 2617 445 2682 Sicut
468 2631 550 2684 reete
573 2616 737 2701 agentibus
754 2615 907 2684 debentur
926 2617 1018 2694 bono,

95 2708 137 2773 ita
161 2725 304 2794 peruerse
327 2706 488 2791 agentibus
508 2705 660 2770 debentur
684 2705 774 2770 mala.
797 2705 857 2770 Sed
882 2705 925 2770 illi
964 2709 1017 2792 qui

93 2810 180 2862 recte
203 2807 298 2880 agunt
321 2795 351 2858 in
376 2795 438 2860 fine
461 2795 501 2860 ab
525 2795 568 2859 eis
592 2795 721 2872 intento,
750 2795 923 2880 percipiunt
948 2815 1017 2882 ρει-

93 2884 259 2951 lectionem
283 2897 313 2948 ει
335 2883 539 2968 gaudiumll
578 2884 732 2949 contrario
772 2903 847 2968 ergo
885 2883 1018 2950 debetur

93 2975 173 3039 baec
196 2993 295 3061 poena
318 2973 515 3058 peccantibus
539 2983 572 3037 ut
594 2991 631 3037 ert
660 2971 708 3037 bis
747 2971 777 3035 in
809 2972 922 3057 quibus
958 2973 1016 3038 sibi

92 3062 189 3128 finem
212 3063 401 3128 constituunt
430 3059 631 3126 afflictionem
669 3060 820 3146 accipiant
857 3075 887 3126 ει
922 3081 1018 3128 ιιοειι-

93 3164 249 3216 ιιιειιιιιιιι.

161 3239 239 3304 Hinc
274 3249 321 3304 est
355 3237 437 3325 quod
473 3237 574 3302 diuina
613 3235 769 3323 Scriptura
804 3237 1016 3324 peccatoribus

95 3325 313 3403 comminatur,
336 3347 398 3390 non
421 3325 523 3390 solum
552 3325 790 3392 exclusionema
814 3327 922 3410 gloria,
960 3327 1015 3392 sed

84 3417 188 3482 etiam
212 3415 412 3481 alllictiouem
450 3433 487 3478 ex
525 3414 591 3481 aliia
628 3412 731 3491 rebus3
771 3413 883 3480 dicitur
920 3415 1016 3482 enim:

96 3505 253 3576 Discedito
279 3523 300 3570 o
333 3523 381 3569 me
404 3502 563 3570 maledieti
591 3504 624 3570 in
645 3503 745 3590 ipnom
769 3515 940 3587 ueternum,
963 3506 1018 3590 qni
