2494 3970
211 233 255 299 dd
534 253 590 298 ttn.
607 253 649 298 tn.
673 252 737 298 aar.
760 250 831 297 nvn.

211 322 282 399 hoo,
320 340 391 388 cum
427 319 545 388 honum
569 321 683 388 habeat
717 323 870 388 rationem
907 318 989 400 finio,
1024 320 1131 386 omnia
1235 299 1237 338 ⁴

210 410 392 478 ordinantur
414 411 472 478 rub
495 411 563 476 Deo
585 411 664 477 siout
698 411 776 476 fines
813 409 1033 496 praecedentes
1070 409 1132 475 suh

211 499 273 566 fine
308 500 426 566 ultimo.
464 498 595 590 Oportet
628 499 721 585 igitur
758 499 843 587 quod
879 500 1020 564 omnium
1059 499 1130 564 finis

210 589 248 654 sit
270 589 365 656 Deus.

277 678 450 757 Praeterea,
472 677 594 743 Bonum
618 676 802 764 particulare
826 676 986 742 ordinatur
1018 677 1051 742 in
1074 677 1132 744 bo·

210 786 285 832 num
308 786 476 833 commune
499 766 578 831 sieut
600 767 631 830 in
654 766 759 832 finem:
776 787 845 832 εεεε
867 765 951 830 enim
974 767 1068 852 partia
1084 781 1132 834 εει
1184 811 1188 818 -

210 868 335 943 propter
357 875 425 922 esse
449 855 551 933 totius3
575 854 657 920 unde
681 855 852 920 othonum
876 855 976 937 gentis
999 872 1048 922 εει
1086 856 1131 921 di·

212 944 311 1010 vinius
335 964 429 1031 quam
453 945 571 1010 bortum
595 945 687 1010 unius
711 945 858 1009 hominis.
881 944 1002 1009 Bonum
1026 959 1131 1010 autem

211 1053 382 1111 summum,
405 1031 489 1119 quod
512 1044 559 1097 εει
581 1031 676 1110 Deus,
715 1045 762 1097 est
798 1033 916 1098 bonum
954 1053 1132 1110 commune,

211 1143 283 1187 oum
307 1142 345 1188 ert
367 1142 406 1188 eo
429 1121 645 1186 universorum
672 1121 791 1186 bonum
814 1120 997 1209 dependeat:
1013 1123 1133 1192 bonum

212 1224 315 1276 autem
339 1231 401 1298 quo
425 1209 581 1297 quaelibet
602 1230 651 1274 res
675 1209 756 1276 bona
779 1223 893 1290 estest
906 1211 1022 1276 bonum
1039 1213 1131 1300 parti·

212 1297 317 1366 ouiare
339 1301 433 1386 ipsius
456 1312 487 1364 et
508 1299 640 1364 aliorum
664 1319 744 1385 quae
766 1298 806 1364 ab
840 1301 905 1386 ipsa
945 1299 1131 1387 dependent.

213 1385 330 1455 Omnes
342 1388 436 1475 igitur
458 1408 508 1454 res
529 1387 712 1454 ordinantur
727 1388 806 1454 sieut
820 1388 851 1454 in
867 1388 963 1454 tinem
985 1389 1017 1454 in
1033 1410 1132 1456 unum

213 1476 342 1557 bonum,
365 1476 449 1566 quod
472 1489 518 1543 est
540 1477 635 1542 Deus.

280 1567 365 1642 item,
390 1567 436 1634 Ad
460 1566 601 1632 ordinem
624 1565 782 1652 agentium
816 1567 954 1653 sequitur
988 1568 1065 1632 ordo
1099 1566 1131 1632 in

212 1654 335 1722 finibus:
357 1677 441 1734 nam,
464 1656 543 1722 sieut
564 1675 746 1741 supremum
768 1675 863 1740 agens
886 1669 990 1721 movet
1027 1655 1132 1722 omnia

212 1744 348 1812 secunda
371 1746 502 1830 agentia,
526 1746 566 1810 ita
590 1743 629 1808 ad
653 1745 748 1810 tinem
771 1744 909 1830 supremi
943 1747 1062 1829 agentis
1099 1765 1132 1810 o·

212 1845 314 1918 portet
336 1834 419 1920 quod
454 1832 636 1898 ordinentur
673 1852 781 1898 omnes
810 1832 887 1898 finea
923 1835 1134 1900 secundorum

213 1921 381 2005 agentium3
404 1920 554 2010 quidquid
576 1924 659 1986 euim
682 1923 744 2006 agit
766 1941 946 2006 supremum
968 1943 1065 2008 agens
1101 1943 1134 1988 a·
1239 1977 1240 2000 2

214 2009 257 2094 git
280 2023 405 2098 propter
426 2009 521 2076 finem
543 2029 647 2076 suurn.
669 2011 737 2096 Agit
760 2024 864 2075 autem
887 2031 1069 2098 supremum
1100 2033 1134 2078 a·
1241 2043 1242 2066 t

213 2117 289 2183 gens
312 2101 448 2166 artiones
461 2099 601 2166 omnium
616 2097 796 2164 inferiorum
820 2102 990 2185 agentium,
1005 2120 1134 2168 moran·

214 2189 255 2253 do
277 2209 387 2256 omnes
410 2187 449 2254 ad
471 2208 543 2254 suas
566 2188 701 2254 artiones
725 2200 756 2252 et
778 2207 834 2275 per
864 2209 1061 2276 consequeus
1094 2191 1135 2256 ad

214 2296 286 2343 suos
324 2277 411 2356 fioea3
438 2277 522 2344 uode
548 2278 686 2362 sequitur
723 2276 807 2362 quod
842 2298 951 2344 omnes
982 2279 1135 2346 seeundo·
1241 2353 1242 2358 ἵ

214 2385 285 2432 rum
300 2367 457 2452 agentium
481 2365 616 2432 actiones
639 2365 821 2431 ordinentur
844 2387 861 2432 a
885 2367 985 2454 primu
1022 2381 1136 2455 agente

214 2453 247 2520 in
270 2453 365 2522 finem
388 2475 480 2522 suum
513 2455 683 2542 proprium.
720 2456 822 2538 Agens
859 2470 963 2522 autam
996 2459 1134 2545 primum

215 2561 321 2610 rerum
343 2547 483 2610 omnium
507 2555 553 2609 eat
575 2542 671 2620 Deus,
695 2542 908 2630 utprobutum
942 2559 990 2611 εει
1026 2546 1061 2631 (Ι.
1100 2547 1134 2626 2,

215 2651 242 2699 a.
269 2631 335 2720 id).
358 2632 528 2700 Voluntatis
551 2643 655 2696 autem
677 2630 776 2717 ipsius
798 2631 874 2698 nihil
896 2633 978 2700 aliud
995 2633 1065 2702 finis
1087 2650 1136 2702 est

93 2761 99 2784 .
215 2741 309 2809 quam
332 2742 387 2788 rua
411 2722 543 2798 bonitas,
565 2733 707 2806 quaeest
730 2719 875 2807 ipsemet,
897 2737 931 2788 ut
968 2723 1134 2810 probatum

215 2825 262 2878 est
284 2811 318 2896 (i.
342 2811 373 2888 d,
395 2831 422 2878 o.
447 2809 490 2876 nt
512 2822 543 2874 et
565 2811 634 2894 74).
657 2806 770 2874 Omnia
792 2808 885 2895 igitur
920 2831 1137 2901 quaecumque

143 2907 148 2916 '
214 2914 286 2968 sunt
308 2899 398 2980 heta,
413 2899 461 2965 rei
484 2897 524 2964 ab
547 2898 614 2986 ipso
635 2897 815 2962 immediate
840 2899 889 2966 vei
927 2901 1137 2969 mediantibus

216 2989 315 3058 eauais
337 2989 492 3066 secundis.
514 2988 546 3054 iu
569 2987 671 3053 Deum
687 2986 870 3054 ordinantur
891 2988 970 3056 sieut
985 2989 1136 3058 infinum.

216 3077 326 3146 Omnia
348 3094 452 3146 autem
475 3077 556 3143 entia
571 3091 643 3142 suut
658 3075 854 3162 hujusmodi3
870 3098 955 3156 nam,
973 3079 1051 3146 sieut
1064 3101 1138 3167 pro·

215 3167 306 3236 batur
328 3167 364 3256 (Ι.
388 3169 420 3248 d,
443 3187 470 3234 e.
495 3167 564 3248 id),
587 3165 663 3232 nihil
686 3184 754 3230 esse
774 3180 875 3253 puteat
896 3167 980 3254 quod
1004 3169 1043 3234 ab
1067 3169 1138 3256 ipso

217 3277 280 3324 uon
303 3255 416 3322 habeat
437 3273 515 3322 esse.
538 3253 652 3321 Omnia
675 3255 769 3339 igitur
790 3253 974 3322 ordinantur
985 3257 1018 3322 iu
1033 3259 1138 3325 Deum

218 3347 297 3414 sieut
319 3345 350 3411 in
374 3343 479 3412 finem.

238 3499 242 3508 ,
285 3431 404 3513 adhue,
417 3433 500 3500 Finit
512 3429 639 3498 ultimus
654 3427 817 3516 cujuslibet
832 3429 982 3510 facientis,
993 3435 1025 3500 iu
1040 3454 1139 3522 quan·

219 3538 286 3590 tum
308 3537 355 3590 est
377 3521 508 3601 iaciens,
529 3534 576 3587 eat
598 3520 738 3608 ipsemet;
760 3520 876 3586 utimur
899 3524 984 3590 enim
1007 3523 1136 3590 saetisa
