2514 3972
235 289 241 312 t
347 261 468 326 uum.
491 261 556 311 eta.
580 263 646 309 orn.
671 262 707 306 er
732 261 809 308 cxxi.
978 243 1042 309 369

125 327 259 394 bominis
292 339 322 396 et
353 333 512 396 atticorum
534 343 564 396 et
593 332 831 418 quadrupedum
857 342 887 395 et
920 351 1043 414 cerpen-

125 427 201 496 tum,
224 418 324 496 Rom,
349 419 379 495 i,
402 420 513 498 uuum
536 434 567 485 ot
589 419 677 486 inira:
697 419 757 499 Qui
779 431 1044 488 commutaverunt

84 533 87 540 ·
123 509 287 572 veritatem
298 509 357 573 Dei
368 510 400 573 in
411 511 604 575 mendatium
617 521 646 576 ct
661 509 1042 576 attenuationibus

123 607 286 661 creaturae
304 599 410 682 potius
431 619 525 684 quam
551 599 702 674 Creatori,
724 600 778 683 qui
799 609 846 663 est
868 597 1042 664 benedictae

122 683 302 751 insaecula.
324 685 431 752 Amen.
458 688 547 766 ibid,
569 687 622 754 95.

189 773 269 855 Quia
306 795 381 860 ergo
415 776 585 842 indebitum
623 788 670 842 est
707 773 790 861 quod
814 774 919 840 latriae
941 775 1041 841 coitus

123 860 211 927 alteri
234 863 416 930 exhibeatur
439 882 532 951 quam
557 866 658 953 pritno
682 884 787 929 ret-um
816 864 977 951 principio,
1000 865 1040 930 ad

121 949 259 1017 indebita
296 967 399 1018 autem
439 954 565 1020 incitare
600 975 662 1018 non
701 967 747 1020 est
785 953 864 1040 nisi*
882 953 1040 1019 rationalis

120 1043 280 1106 creaturae
303 1041 385 1106 maie
408 1040 583 1128 dispositae,
608 1041 805 1108 manifestum
829 1041 975 1127 estquod
998 1040 1038 1106 ad

121 1128 293 1212 praedictas
315 1131 467 1196 indebitas
501 1133 635 1197 coituras
670 1132 813 1196 itrntittotu
846 1130 1039 1196 doemonum

120 1217 262 1283 {tornines
285 1219 442 1306 provocati
466 1218 603 1300 inerunt,
624 1221 676 1306 qui
700 1239 733 1285 se
756 1219 849 1284 etiarn
873 1218 941 1284 ioeo
979 1219 1037 1285 Dei

120 1304 297 1372 bominibus
319 1307 466 1374 eoiendos
488 1309 706 1387 exbibuerunt,
730 1307 867 1372 divinum
890 1321 1037 1394 appeten·
1127 1369 1132 1376 .

119 1405 165 1458 tes
189 1394 441 1463 bonoremiiiue
463 1397 603 1484 estquod
627 1397 748 1463 dieitur:
774 1397 946 1462 Omneadii
967 1417 1038 1482 qen·

118 1483 196 1548 tium
218 1486 395 1565 daemonia,
418 1485 542 1564 Psalm,
565 1486 619 1566 95,
643 1487 674 1565 53
701 1499 740 1551 et:
767 1485 853 1566 Quae
871 1486 1038 1552 immolant

114 1583 231 1728 qqntqq,
252 1576 424 1640 daemoniis
445 1577 618 1655 immutant,
641 1588 671 1641 et
692 1593 754 1640 non
792 1575 868 1653 Deo,
899 1575 913 1639 i
954 1573 1036 1652 Con,

161 1711 170 1740 ,
228 1711 236 1728 .

183 1750 264 1833 Quia
286 1750 379 1838 igitur
401 1765 447 1819 est
469 1753 644 1841 principalis
666 1751 744 1838 legis
765 1752 888 1818 divinae
904 1751 1034 1818 intentio

115 1851 150 1906 ut
172 1840 267 1907 bomo
282 1840 349 1908 Deo
371 1841 520 1908 subdatur
534 1843 603 1907 etei
626 1841 815 1928 singularem
830 1841 1034 1906 reverentiam

113 1929 270 2008 exhibeat,
293 1951 355 1996 non
379 1931 479 1996 solunt
496 1931 600 2012 eorde,
623 1933 677 1996 sed
701 1932 794 1996 etiarn
817 1949 874 1995 ore
895 1943 1034 2016 etopere

113 2018 277 2106 corporali,
300 2019 370 2084 ideo
393 2017 533 2107 primitus
555 2019 586 2084 in
609 2018 725 2094 Exodo,
759 2019 811 2085 ubi
846 2019 895 2084 iex
929 2019 1032 2084 divina

114 2107 308 2194 proponitur,
332 2109 522 2175 interdicitur
544 2110 644 2174 cultos
667 2108 803 2195 plurium
817 2106 960 2186 deorum,
978 2108 1030 2173 ubi

110 2195 233 2263 dicitur:
255 2197 326 2263 Nan
348 2197 474 2262 babebis
511 2198 585 2264 deoc
608 2198 728 2262 alienos
751 2215 857 2262 caram
878 2215 937 2261 me.
961 2196 1032 2262 Nan

109 2284 207 2367 liuciae
244 2286 299 2369 tibi
336 2287 477 2371 sculptile
506 2306 603 2374 neque
640 2307 760 2351 amnem
783 2285 1030 2362 eimibtudinem,

112 2373 218 2453 Exod,
240 2373 294 2454 90,
316 2375 381 2441 bd.
405 2375 548 2440 Secundo
572 2375 716 2440 indicitur
741 2374 859 2443 bomini
885 2394 925 2439 ne
952 2375 1030 2439 irre·

111 2464 398 2529 verenterdiuinum
415 2483 528 2530 nomen
542 2483 596 2528 ore
609 2465 796 2549 pronuntiet,
808 2462 847 2527 ad
863 2461 1030 2528 eoniirma·

110 2552 229 2619 tionem
241 2553 355 2619 scilieet
377 2553 505 2638 aiicujus
518 2553 595 2630 iaisi3
618 2566 648 2616 et
661 2553 720 2616 boo
742 2565 789 2616 est
811 2551 894 2637 quod
908 2551 1029 2617 dieitur:

110 2639 333 2707 Non-aeaumee
344 2661 455 2706 nomen
467 2641 592 2706 Domini
606 2641 663 2706 Dei
681 2639 724 2704 tui
736 2641 768 2703 in
782 2659 907 2718 aunum,
923 2639 1029 2718 Exod,

108 2729 164 2805 20,
187 2730 218 2795 7.
241 2730 346 2797 Tertio
379 2730 523 2797 indicitur
545 2731 667 2817 requies
690 2728 861 2794 secundum
900 2728 1026 2814 aliquod

108 2831 231 2906 tempus
254 2819 293 2884 ab
316 2820 517 2886 exterioribus
540 2819 704 2897 exercitiis,
733 2830 766 2882 ut
794 2837 882 2882 mens
904 2818 1026 2883 divinae

105 2907 360 2995 contemplationi
376 2921 471 2985 vacca
495 2921 526 2972 ct
549 2909 619 2972 ideo
642 2907 766 2973 dieitur:
805 2904 957 2971 Manertto
990 2918 1023 2972 ut

104 2995 190 3062 mem
212 2996 317 3063 sabati
339 2997 521 3086 sanctifices,
544 2995 649 3068 uxot,
672 2997 727 3074 20,
749 2995 780 3060 8.

406 3157 581 3240 braun
616 3171 719 3239 exxt.

149 3295 241 3380 Quod
262 3297 370 3362 diuina
393 3297 443 3362 iea
464 3297 591 3361 ordinat
613 3295 766 3360 bominem
789 3295 956 3360 seeundum
971 3315 1026 3360 ra-

101 3383 103 3392 '
194 3391 306 3452 tionem
328 3389 411 3452 circa
449 3385 627 3471 corporatio
649 3395 678 3448 et
700 3383 870 3450 sensibilia.

169 3524 255 3592 Sicut
271 3538 374 3591 autern
398 3545 453 3613 per
476 3523 647 3612 corporolia
686 3537 716 3590 et
740 3523 896 3592 sensibilia
937 3542 1026 3598 mens

147 3612 180 3680 S.
209 3614 263 3680 Tb.
290 3615 435 3682 Summae
449 3614 539 3683 nott.
566 3615 598 3682 V.
623 3615 654 3680 ἢ.
938 3611 982 3678 di
