2514 3972
380 276 436 320 tte.
459 276 500 320 ιιι.
525 275 588 323 aar.
613 275 670 324 arv.
693 279 728 322 ar
752 278 798 325 av.
978 259 1042 326 5⁰25

122 341 302 430 hujusmodi
340 354 458 409 statuae
497 365 559 410 non
599 347 713 412 habeut
751 346 936 433 principium
965 350 1045 415 vitoe

124 453 228 520 neque
251 446 415 498 moventur
437 435 547 499 vir-tute
570 437 710 502 caelestis
733 437 879 524 eorporis.

193 523 252 588 Per
275 523 335 588 hoo
357 537 459 588 autem
485 524 618 590 excludit
644 525 755 610 positio
795 525 956 603 uermeus,
994 527 1046 612 qui

124 613 169 679 sie
192 612 278 686 dixit,
301 625 334 676 ut
359 613 546 695 Augustinus
570 613 671 680 refert:
698 615 782 679 Deus
804 627 839 679 ut
859 616 981 700 effector
1003 627 1050 680 est
1136 657 1139 664 ·

125 701 255 766 deorum
289 702 480 794 coelestiama
513 703 559 766 ita
597 704 686 768 hamo
723 706 811 791 pictor
844 716 890 769 est
921 705 1050 768 deorum

126 791 180 875 qui
201 791 234 854 in
259 791 380 874 templis
403 803 473 854 strat
497 793 633 858 humana
651 795 853 878 proaimitate
875 794 1050 858 contenti...:

128 890 251 944 statuas
273 880 342 944 dico
366 881 523 944 attentatas
545 901 637 946 seusu
659 894 691 947 et
710 883 824 966 spirita
836 884 959 966 plenas,
985 893 1050 948 tart·

129 981 220 1053 taque
242 968 388 1053 facientes
411 982 439 1032 et
464 971 551 1046 tatia3
575 983 679 1036 statua
694 971 1051 1056 satiatorumpraesrias,

127 1077 224 1142 eaque
261 1069 353 1132 sorte,
386 1070 465 1137 uate,
504 1061 630 1124 somniis
667 1061 831 1146 multisque
865 1061 938 1125 aliis
960 1059 1051 1125 rebus

126 1148 351 1231 praedicentes,
375 1146 601 1214 t'mbeeittitates
616 1149 791 1214 homiuibus
813 1151 1052 1234 saaieatrqeas·

128 1257 187 1320 que
209 1247 362 1316 curantes,
402 1238 560 1302 tristitiam
596 1239 806 1324 laetitiamque
837 1260 895 1324 pro
930 1239 1051 1304 meritis

128 1325 241 1390 dantes
264 1325 321 1414 (i).

199 1414 279 1478 Haeo
303 1426 404 1478 autem
419 1414 722 1498 positioauotoritote
746 1415 848 1480 divina
872 1415 1053 1494 destruitur3

130 1502 359 1568 diciturenim:
386 1505 540 1568 Siraatera
563 1506 697 1588 petatium
720 1516 923 1590 arqeutaraet
939 1525 1053 1570 aarum
1128 1540 1131 1547 «

130 1613 226 1674 opera
242 1613 388 1657 manuam
402 1594 571 1666 dominnm
584 1593 751 1671 os‘itadeat,
768 1605 867 1659 etttoa
884 1597 1055 1679 toquentur,

130 1681 256 1758 psalm,
281 1682 354 1758 tto,
380 1682 446 1758 t-tt;
470 1697 509 1744 et:
527 1702 621 1766 aeque
643 1685 724 1748 enim
741 1696 786 1748 est
808 1685 936 1768 spiritus
959 1685 1057 1748 inore

132 1771 285 1854 ipsos-arn,
309 1771 436 1846 Psatm„
462 1771 535 1847 tot,
560 1772 612 1835 tt.
655 1771 657 1776 ’

200 1857 268 1923 Νοιι
293 1859 416 1924 videtur
440 1875 542 1924 eutem
568 1861 695 1946 omnino
718 1860 894 1944 negandum
918 1861 992 1946 quin
1027 1861 1060 1926 in

134 1947 296 2035 praedietis
321 1967 357 2012 ex
384 1951 494 2014 virtute
521 1949 700 2014 oeeiestium
739 1971 905 2037 corporum
944 1949 1061 2036 aliquid

134 2037 254 2101 uirtutis
278 2057 346 2100 esse
369 2039 476 2123 possit,
515 2038 553 2102 ad
588 2039 656 2102 iilos
682 2053 784 2102 tomen
819 2039 901 2104 solos
934 2039 1061 2104 eiieetus

135 2147 214 2212 quos
237 2126 347 2190 virtute
371 2127 548 2190 caelestium
574 2148 741 2214 oorporutn
774 2127 876 2214 aliqua
916 2127 1061 2195 inferiora

136 2235 266 2301 corpora
289 2214 460 2300 producere
483 2229 620 2301 possunt.

364 2407 369 2418 ·
458 2389 642 2456 CAPUT
679 2389 736 2458 ut.
785 2403 787 2407 “

186 2567 272 2632 Unde
294 2588 454 2654 maporum
476 2568 668 2652 operationes
682 2567 851 2656 efficatiam
873 2569 1015 2637 habeant.

206 2745 455 2830 Investigaudum
480 2761 582 2811 nutem
604 2745 788 2830 relinquitur
804 2747 887 2812 unde
903 2761 983 2814 artes
1000 2769 1063 2814 me-

139 2836 226 2921 giaee
249 2833 416 2899 efficaciam
441 2837 566 2912 liubona
581 2834 794 2920 quodquidam
809 2835 896 2900 facile
913 2837 1064 2923 perpendi

142 2937 252 3012 potest,
276 2925 300 2986 si
325 2923 435 2988 modus
459 2925 644 3010 operationis
668 2944 774 2988 eorum
803 2925 987 2990 attendetur.

210 3013 243 3076 Ιιι
267 3012 329 3076 suis
351 3013 433 3076 enim
458 3012 687 3097 operationibus
711 3025 839 3078 utuntur
861 3015 986 3080 vocibus
1000 3015 1068 3099 qui·

143 3101 277 3166 busdam
301 3101 508 3184 significativis
532 3094 571 3166 od
595 3101 820 3167 determinatos
842 3103 971 3168 eiieotus
1000 3125 1071 3189 pro-

143 3189 314 3255 ducendos.
338 3190 402 3256 Vox
426 3206 540 3268 autem,
565 3192 595 3254 in
620 3203 769 3275 quantum
794 3204 839 3256 est
857 3191 1073 3274 significativa.

144 3299 207 3344 non
232 3279 325 3344 habet
347 3281 491 3344 virtutem
516 3280 572 3344 nisi
596 3299 633 3344 et
656 3280 759 3366 atiquo
776 3280 949 3358 intellectu,
974 3281 1071 3346 velex

146 3367 305 3434 intellectu
328 3368 510 3454 proferentis
534 3369 581 3434 vel
605 3389 641 3432 ex
665 3369 821 3434 intellectu
845 3369 961 3454 ejusad
979 3391 1073 3456 quent

147 3455 312 3545 profertur:
337 3478 373 3522 ex
397 3457 579 3544 proferentis
603 3457 729 3543 quidem
751 3458 920 3538 intellectu,
944 3459 1023 3526 siout
1045 3464 1069 3526 si

191 3563 240 3632 ¹(t)
258 3562 285 3616 S.
305 3563 381 3634 Aug„
398 3565 431 3617 de
452 3563 528 3619 ctist.
543 3563 603 3632 ua,
621 3564 639 3616 1.
658 3561 684 3631 8,
703 3580 724 3618 a.
744 3562 794 3620 ut.
