2516 3968
440 241 495 287 ιιι.
519 240 560 286 ιιι.
583 241 647 287 cur.
670 242 745 288 cerv.
984 217 1048 286 too

428 397 614 466 CAPUT
653 398 748 467 ottv.

151 579 198 646 De
221 579 310 645 donis
332 578 453 664 proiice
475 579 575 732 litam
597 579 701 656 dotatu
724 578 764 644 de
786 573 1029 643 divinationibus

522 687 695 733 centonum.

194 846 274 928 Quia
297 865 370 911 vero
393 864 429 910 ea
453 863 533 930 quoe
556 845 651 914 homo
675 865 730 930 ρει
752 863 786 908 se
810 865 871 909 non
896 841 978 908 videt
999 863 1052 908 co-

126 955 276 1020 gnoscere
299 954 363 1000 non
386 947 496 1020 potest,
508 935 566 999 nisi
590 953 626 998 eo
643 933 820 1020 recipiatalt
837 954 874 998 eo
886 933 939 1018 qui
957 931 1049 1012 videt,

126 1023 204 1090 lidos
227 1037 330 1088 autem
347 1035 392 1087 est
415 1022 454 1087 de
478 1023 525 1088 his
549 1042 630 1110 quoe
653 1043 715 1086 non
741 1023 891 1098 videmus,
925 1033 1048 1107 oportet

125 1113 335 1198 cognitionem
358 1131 465 1176 eorum
489 1112 529 1176 de
552 1111 663 1198 quibus
685 1125 733 1176 est
756 1111 832 1176 fides
856 1111 896 1176 ¹ab
918 1130 958 1176 eo
994 1110 1048 1176 de-

126 1202 218 1268 rivari
241 1203 293 1287 qui
317 1219 353 1264 ea
377 1219 488 1286 perse
511 1201 604 1266 videt.
629 1200 685 1266 llio
727 1216 831 1266 autem
868 1200 953 1264 Deus
990 1213 1047 1278 est,

126 1292 180 1377 qui
203 1291 339 1376 seipsum
363 1287 498 1375 perlecto
522 1289 759 1376 comprehendit
798 1302 828 1353 et
865 1286 1047 1355 naturaliter

126 1399 215 1445 suum
238 1377 403 1444 essentium
425 1377 517 1456 videt;
533 1379 572 1445 dc
593 1379 662 1443 lieo
674 1380 759 1444 enim
772 1377 866 1443 tidem
883 1376 1046 1444 habemus.

127 1465 256 1556 Oportet
279 1467 371 1550 igitur
393 1487 429 1532 oa
452 1487 531 1553 quae
555 1488 611 1554 per
634 1465 728 1532 iidem
750 1481 893 1532 tenemus
923 1485 941 1530 ε
978 1465 1046 1532 Deo

125 1557 158 1622 in
180 1576 237 1622 nos
260 1555 431 1642 pervenire.
456 1555 534 1621 Cum
565 1570 668 1622 autem
703 1575 783 1642 queo
817 1577 834 1620 a
870 1555 938 1620 Deo
974 1569 1046 1620 eunt

126 1645 239 1710 ordine
262 1645 562 1731 quoosmagantur,
586 1659 734 1731 utsupra
758 1645 802 1731 (c.
826 1645 868 1708 77
891 1657 924 1708 et
943 1648 1046 1730 seqq.)

127 1747 286 1800 ostensum
308 1747 367 1812 est,
387 1735 421 1798 in
444 1733 691 1798 manifestatione
714 1753 823 1799 eorum
861 1751 941 1819 quae
973 1742 1046 1798 sunt

126 1823 199 1890 fidei
220 1821 364 1888 ordinem
388 1823 555 1908 quemdam
578 1823 738 1888 observari
763 1825 908 1907 oportuit,
931 1821 1047 1886 scilicet

127 1927 161 1978 ut
184 1911 310 1998 quidam
334 1911 513 1977 immediate
536 1912 576 1977 de
598 1913 666 1978 Deo
690 1912 874 1998 reciperent,
896 1909 948 1974 alii
972 1929 1046 1974 vero

127 2001 167 2066 ob
191 2001 249 2078 his,
273 2001 369 2066 etsie
392 2021 447 2088 per
471 2001 612 2066 ordinem
638 2021 736 2086 usque
768 2000 807 2064 ud
842 2000 976 2064 ultimos.
1012 1998 1047 2064 ln

126 2089 372 2176 quibuscumque
395 2102 498 2154 eutem
522 2104 569 2155 est
590 2090 701 2177 uliquis
716 2088 804 2166 ordo,
819 2101 939 2175 oportet
951 2087 1048 2174 quod,

126 2183 243 2266 quanto
267 2177 382 2264 aliquid
420 2191 467 2244 est
505 2179 706 2266 propinquius
742 2178 846 2264 primo
883 2176 1045 2262 principio,

127 2281 212 2334 tanto
237 2267 400 2332 virtuosius
423 2267 608 2344 inveniatuu
645 2265 730 2352 quod
768 2267 799 2328 in
838 2265 897 2330 hoo
936 2263 1045 2328 ordine

125 2355 379 2422 manifestationis
417 2353 537 2422 divinae
571 2367 707 2442 apparet:
746 2352 911 2418 invisibilia
950 2353 1045 2432 enim,

90 2496 95 2501 .
124 2465 259 2532 quorum
281 2445 357 2510 visio
381 2443 487 2510 beatos
508 2443 589 2518 lucit,
612 2443 652 2508 de
675 2441 786 2528 quibus
811 2441 887 2508 fides
903 2455 959 2520 est,
983 2442 1046 2530 pri-

126 2555 179 2600 mo
200 2555 220 2600 e
242 2533 309 2600 Deo
332 2533 508 2600 revelentur·
528 2532 654 2618 Angelis
678 2531 775 2596 boetis
813 2551 868 2617 ρει
906 2545 1045 2618 opertum

124 2620 287 2701 visionem,
302 2634 336 2688 ut
356 2641 397 2688 ex
418 2621 603 2710 supradictis
628 2628 668 2705 (o.
693 2619 752 2704 80)
790 2634 883 2706 putee
921 2620 1047 2698 deiude,

124 2711 313 2796 Angelorum
336 2711 560 2776 interveniente
584 2707 695 2788 officio,
720 2707 956 2774 manifestantur
978 2711 1046 2794 qui·

125 2801 256 2867 busdam
279 2799 469 2878 hominibus,
491 2820 554 2865 non
576 2798 701 2886 quidem
724 2812 930 2884 perapertem
953 2797 1047 2863 visio-

124 2909 209 2970 nem,
231 2888 287 2956 sed
309 2909 365 2975 per
384 2889 554 2975 quamdam
570 2887 786 2953 certitudinem
810 2887 1045 2973 provenientem

124 2998 162 3044 ex
195 2977 382 3044 revelatione
405 2977 517 3044 divina.
549 2977 637 3058 Quae
660 2975 787 3062 quidem
827 2974 974 3040 revelatio
1010 2976 1046 3040 lit

124 3067 260 3154 quodum
283 3067 422 3132 interiori
455 3077 487 3131 et
526 3065 708 3150 intelligibili
742 3063 861 3130 lumine
907 3076 1044 3130 mentem

123 3156 264 3222 elevante
286 3155 325 3221 ad
349 3155 582 3243 percipiendum
606 3175 643 3219 ee
666 3154 704 3220 ud
729 3171 809 3239 quoe
842 3153 950 3220 lumen
988 3173 1045 3218 nu·

123 3244 223 3312 turele
247 3243 417 3310 intellectus
439 3244 614 3330 pertingere
637 3262 699 3308 non
722 3254 834 3328 putest;
856 3247 936 3308 sicut
958 3243 1044 3308 enim

123 3354 180 3422 per
202 3334 320 3400 lumen
331 3331 471 3398 naturale
494 3331 669 3398 intellectus
706 3330 845 3396 redditur
869 3345 970 3398 oertus
1003 3330 1043 3396 de

123 3424 275 3510 hisquae
298 3422 416 3488 lumine
436 3421 491 3488 illo
516 3420 685 3506 cognoscit,
710 3431 744 3484 ut
764 3418 806 3484 de
829 3421 936 3507 primis
957 3420 1043 3507 prin-

123 3511 223 3601 cipiis,
245 3515 288 3581 ite
308 3511 349 3579 tle
373 3511 421 3579 his
442 3529 523 3601 quae
538 3506 776 3600 supernaturali*
790 3507 910 3598 lumine
932 3529 1046 3598 oppre·.
