2516 3968
443 227 500 296 ιιι.
524 251 565 296 ιιι.
589 249 653 296 ιιι.
678 252 775 306 ιιιιι.
978 235 1043 302 lib

123 329 245 406 geratur.
268 315 413 386 Punire
406 319 498 404 igitur
520 319 618 388 malos
641 341 704 387 non
729 335 775 386 est
813 323 985 435 seeundum
1008 346 1043 392 se

123 406 252 475 malum
1079 433 1081 437 ·

191 498 278 577 bem,
300 497 422 564 Bonum
445 516 612 564 commune
635 498 745 576 melius
782 511 828 566 est
866 519 960 604 quam
985 501 1040 567 bo·
1127 557 1128 560 ,

125 607 201 653 num
225 586 408 674 particulare
442 587 542 652 unius
578 585 833 654 Subtrabettdum
868 603 914 654 est
950 591 1043 674 igitur

125 676 244 745 bonnm
268 675 460 762 particulare,
496 689 530 740 ut
566 692 766 743 conservetur
800 678 917 744 bonum
957 700 1044 744 corn

125 786 231 830 mune.
254 765 320 832 Vita
345 777 448 830 autern
486 765 694 851 quorumdam
732 765 993 854 pestiferorum
987 789 1042 833 rnr-

125 847 224 941 pedit
232 873 400 920 commune
431 853 559 932 bonum,
592 855 676 940 quod
713 869 758 920 eat
792 856 957 922 concordia
991 877 1042 922 so·

124 943 242 1008 eietatts
266 943 431 1008 humanae.
455 941 663 1010 Subtrabendi
699 943 792 1028 igitur
830 959 903 1010 sunt
938 945 1044 1047 buius-

125 1031 212 1098 modi
235 1031 377 1098 homines
401 1050 455 1115 per
477 1045 608 1098 mortem
633 1033 672 1097 ab
700 1032 861 1098 bominum
884 1034 1042 1101 societate.

193 1120 366 1199 Praeterea,
388 1119 474 1186 Sicut
497 1120 635 1186 medicus
659 1121 690 1186 in
714 1143 768 1187 sna
792 1125 971 1208 operatione
995 1125 1042 1188 in·

126 1208 224 1274 tendit
246 1210 419 1286 sanitatem,
435 1227 515 1294 quae
538 1211 677 1275 consistit
699 1211 730 1275 in
747 1210 888 1276 ordinate
912 1233 1042 1278 concor·

125 1297 175 1364 dia
200 1299 378 1376 humorum,
402 1299 442 1362 ita
465 1311 566 1364 rector
603 1299 730 1364 civitatis
767 1299 936 1365 intendit'
930 1321 962 1365 ιιι
986 1321 1041 1366 sua
1070 1304 1076 1312 '
1111 1347 1112 1356 ι

125 1388 312 1474 operatione
328 1407 447 1473 pacem,
469 1406 549 1472 quae
573 1390 710 1453 consistit
743 1388 775 1452 in
809 1389 923 1454 citium
959 1390 1044 1454 ordi-

123 1490 197 1540 nata
220 1475 394 1542 concordia.
419 1475 554 1542 lledicus
576 1489 678 1542 autem
696 1477 848 1543 abscindit
864 1473 1041 1544 membrum

28 1570 31 1574 ’
125 1564 283 1668 putridum
307 1564 386 1630 bene
408 1577 439 1630 et
457 1563 582 1640 utiliter,
607 1567 631 1631 si
656 1585 711 1652 per
747 1565 848 1651 ipsum
883 1567 1043 1632 immineat

124 1655 283 1756 corruptio
305 1654 452 1740 corporis.
475 1653 592 1720 luste'
585 1655 678 1740 igitur
699 1667 730 1719 et
764 1655 880 1740 absque
915 1670 1042 1742 peccato

125 1756 228 1808 rector
249 1744 376 1808 civitatis
400 1742 543 1808 homines
565 1741 726 1830 pestiferos
748 1744 871 1822 oceidit,
909 1763 950 1811 ne
983 1765 1042 1832 pax

124 1830 254 1900 cintatis
277 1831 450 1898 turbetur.
958 1873 964 1886 ·

192 1919 269 1988 ilinc
291 1934 337 1988 est
369 1919 454 2007 quod
490 1919 562 1986 dicit
595 1920 766 2009 Apostolus.
804 1920 938 1988 Nescitis
972 1925 1045 2008 pitin

122 2010 279 2075 modicum
303 2011 488 2093 fermentum
522 2022 618 2076 totum
652 2030 790 2078 annaeum
813 2013 1001 2096 corrumpit?
1026 2013 1039 2077 1

126 2097 207 2174 Cor„
233 2099 263 2178 b,
287 2099 318 2164 6.
341 2097 376 2163 Et
400 2112 468 2184 post
492 2119 589 2186 pauca
611 2099 726 2166 subdio
761 2100 899 2183 Auferte·
925 2104 1044 2166 malum

125 2207 164 2252 ec
184 2187 270 2254 cobis
292 2188 380 2271 ipsis,
404 2186 492 2264 lbid.‚
517 2188 568 2265 133
603 2201 634 2252 et
667 2186 779 2252 dicitur
817 2187 856 2252 de
894 2203 1045 2273 potestate

125 2290 247 2342 terrena
271 2276 354 2363 quod
377 2277 515 2340 nonairw
537 2297 633 2341 conso
658 2277 799 2362 pladium
833 2287 951 2360 portat.
989 2277 1046 2341 Dei

125 2368 208 2430 enim
230 2366 371 2430 minister
393 2375 448 2441 est,
468 2365 581 2430 vindere
602 2365 636 2428 in
659 2369 740 2429 iram
780 2367 808 2428 ei
839 2367 891 2450 qni
926 2366 1046 2431 molum

125 2456 201 2540 opit,
224 2453 325 2533 Rom,
350 2453 456 2532 15,1;
479 2453 652 2520 etdicitur:
678 2452 812 2538 subjecti
835 2464 928 2519 estote
961 2456 1046 2519 omni

123 2544 282 2609 bnmnrtne
303 2553 465 2608 creaturae
483 2553 613 2628 propter
637 2542 747 2620 Deum
769 2542 833 2607 eice
855 2545 931 2628 reci,
955 2543 1046 2628 qood

122 2633 338 2716 praecellenti,
374 2632 438 2696 siue
460 2629 599 2707 unctos,
623 2642 781 2716 tamquam
811 2629 851 2696 ob
875 2651 909 2695 eo
942 2633 1047 2700 cussis

127 2721 361 2875 adpuindietnm
382 2720 631 2804 malefactorum,-
654 2721 778 2788 landem
791 2740 863 2785 uero
888 2718 1046 2801 bonorum,

130 2811 146 2876 1
199 2811 320 2890 eust,
349 2810 405 2875 15·
409 2809 460 2876 11.

196 2897 256 2964 Per
277 2899 337 2966 hoc
360 2911 463 2964 autem
500 2897 673 2966 excluditur
709 2917 799 2964 error
836 2863 1046 3002 quorumdam

127 2986 296 3053 dicentium
321 2987 472 3053 vindictas
494 2989 673 3074 corporales
696 3007 759 3052 nou
783 2987 876 3052 licere
899 2985 1047 3074 deniqui

128 3075 167 3141 ad
191 3077 237 3142 sui
261 3076 475 3142 fulcimentum
498 3077 613 3142 erroris
637 3076 788 3144 inducunt
818 3075 901 3178 quod
925 3076 1046 3141 dicitur.

127 3164 199 3230 Non
220 3166 350 3244 occides,
373 3165 478 3245 Eroti„
500 3166 554 3243 10,
571 3163 1047 3251 iba-loducuntetramquod

127 3254 240 3320 dicitur
262 3253 346 3342 quod
368 3215 520 3320 Domirlus
544 3255 691 3320 ministris
708 3251 923 3318 uolentibus
898 3255 1046 3319 zizaniam

127 3341 274 3428 colligere
298 3341 466 3408 demedio
490 3343 578 3411 tritici
601 3341 768 3430 respondit:
795 3341 893 3407 Sinite
915 3355 1047 3430 cunque

128 3451 265 3496 crescere
281 3432 429 3516 usquead
450 3451 591 3507 messem,
613 3432 730 3508 llattlr„
755 3431 807 3510 15,
829 3429 882 3497 30.
911 3429 970 3498 Per
1003 3434 1047 3497 zi·

118 3522 248 3600 ,saniant
272 3533 375 3592 autern
396 3519 453 3594 lilii
475 3539 610 3626 nequam
633 3480 855 3608 intelligamus
888 3541 944 3612 per
967 3541 1049 3592 ntes·
