2494 3970
371 275 426 320 ιιι.
450 275 492 320 ιιι.
517 275 580 321 err.
604 275 643 322 ar.
667 276 702 320 nr
725 276 776 320 ιιι.
979 255 1020 321 57

102 357 207 430 ¹eutem
230 343 346 412 melum
370 364 433 410 non
457 357 503 409 εει
525 345 602 412 sicut
627 345 658 410 in
682 343 830 429 subjecto,
872 344 903 409 in
941 343 1025 412 bono

105 435 159 500 sibi
184 433 326 520 opposito
349 434 419 516 (scd
443 433 502 499 hoe
526 434 577 520 (t)
601 453 656 521 per
679 433 796 500 melum
813 431 957 519 tollitur),
971 434 1026 500 sed

104 522 261 609 indique
285 521 345 587 alio
368 520 462 596 bono;
486 525 564 588 sicut
589 523 704 589 malum
722 525 819 588 moris
835 536 880 588 εει
896 523 926 588 in
945 521 1030 588 bono

103 625 242 690 naturae;
266 611 382 677 malum
406 625 509 676 autem
533 625 670 690 naturae,
702 611 785 698 quod
820 624 866 675 εει
899 611 1028 698 privatio

102 700 244 780 formae„
257 713 303 764 est
325 700 355 764 in
380 701 519 775 materie,
536 719 615 788 quae
633 713 678 766 est
693 700 810 766 bonum
833 700 912 767 sicut
935 700 1026 765 ctiam

101 809 157 856 ens
182 789 383 876 inpotentia.

429 910 613 978 CAPUT
648 911 712 977 Xll.

173 1051 265 1132 Quod
286 1053 406 1117 molum
427 1072 488 1117 non
512 1052 650 1117 totaliter
669 1055 820 1118 consumit
843 1052 963 1120 bortum.

172 1229 261 1294 Patet
283 1243 385 1295 autem
398 1249 434 1294 ex
450 1229 613 1315 praedictis
629 1228 725 1314 quod,
741 1243 1028 1317 quantumcumque

104 1319 327 1404 multiplicetur
349 1319 478 1395 malurn,
500 1339 658 1404 nunquam
683 1333 781 1404 potest
798 1333 894 1386 totum
909 1321 1026 1386 bonum

104 1427 301 1473 consumere.
326 1406 455 1492 Semper
478 1408 562 1472 enim
598 1420 719 1493 oportet
752 1408 836 1494 quod
869 1425 1028 1476 remaneat

105 1497 179 1561 maii
194 1495 378 1584 subjectum,
390 1497 415 1560 si
432 1497 548 1560 muium
565 1509 713 1560 remanet.
730 1493 908 1582 Subiectum
923 1513 1028 1563 eutem

106 1585 180 1651 mali
208 1598 258 1649 est·
277 1585 404 1650 bonum.
428 1586 529 1650 Manet
553 1585 645 1669 igitur
667 1603 790 1670 semper
813 1585 940 1650 bouum.

174 1673 239 1739 Sed
262 1693 332 1738 cum
357 1675 515 1760 continget
537 1673 655 1738 malum
679 1674 709 1737 in
734 1673 886 1739 infinitum
904 1676 1032 1753 intendi,

108 1783 235 1850 semper
248 1777 351 1828 autem
367 1783 423 1848 ρει
437 1764 642 1828 intensionem
661 1761 733 1840 mali
743 1763 1033 1844 minuaturbonum,

107 1851 232 1918 videtur
255 1851 286 1916 in
322 1850 475 1916 infinitum
499 1872 554 1938 ρει
588 1851 706 1916 metum
738 1851 869 1917 diminui
904 1854 1033 1920 bonum.

109 1942 234 2006 Bonum
259 1953 362 2004 autem
387 1940 469 2026 quod
493 1962 549 2026 per
570 1940 687 2004 maium
712 1939 843 2005 diminui
878 1958 1034 2029 potesto·

109 2043 213 2116 portet
236 2049 303 2094 esse
327 2029 460 2105 finitum;
483 2051 555 2094 nam
580 2029 733 2094 infinitum
757 2029 874 2095 bonum
897 2053 959 2096 non
989 2047 1035 2098 εει

109 2139 209 2205 capax
232 2119 316 2194 meli,
340 2132 373 2183 ut
396 2133 553 2183 ostensum
585 2131 630 2182 est
654 2117 688 2202 (l.
714 2119 792 2196 1,ε.
817 2119 883 2205 59).
909 2121 1034 2186 Videtur

109 2209 206 2290 igitur
229 2207 312 2294 quod
336 2207 522 2293 quandoque
546 2221 644 2272 totum
676 2207 799 2272 tollatur
832 2207 949 2274 bonum
979 2231 1034 2296 per

111 2296 242 2374 maium3
265 2315 351 2369 nam,
373 2297 397 2360 si
422 2317 459 2361 ex
483 2296 569 2362 finito
592 2295 707 2380 aliquid
731 2295 876 2362 intinities
900 2298 1033 2376 tolletur,

109 2397 233 2483 oportet
248 2384 324 2451 iliud
340 2385 527 2472 quandoque
543 2405 598 2472 per
613 2384 799 2451 ablationem
816 2387 955 2452 consumi
970 2388 1032 2474 (ι).

166 2561 206 2630 (i)
224 2561 278 2614 Hoc
295 2561 391 2616 scilicet
407 2562 507 2616 honum
525 2563 575 2616 sibi
590 2564 747 2632 oppositum.

166 2631 206 2700 (ἢ)
223 2632 290 2686 Huic
318 2632 457 2700 objectioni
486 2641 591 2688 sanctus
620 2633 719 2687 Doctor
748 2635 889 2704 respondet
914 2635 1032 2689 inferius:

117 2725 130 2752 ιι
148 2704 195 2757 Εει
212 2704 294 2772 igitur
312 2702 460 2772 dicendum,
478 2714 527 2758 etc.
545 2727 571 2772 n,
589 2705 685 2771 rejecta
707 2707 793 2776 primo
810 2706 974 2760 insufficienti
992 2725 1033 2761 so·

114 2777 225 2829 tutione:
247 2794 260 2824 ιι
278 2774 334 2828 Νοιι
353 2784 439 2846 ροιεει
456 2778 514 2841 dici,
532 2785 562 2829 ut
580 2779 670 2830 dicunt
699 2779 816 2846 quidam,
834 2785 881 2831 etc.
900 2798 926 2844 ιι,
944 2786 1036 2832 contra

113 2863 196 2916 quam
218 2847 333 2900 ostendit
358 2849 457 2900 nullam
484 2851 625 2918 paritatem
652 2849 762 2901 existere
792 2850 860 2901 inter
882 2849 1035 2902 divisionem

114 2919 231 2972 continui
250 2924 277 2970 et
295 2918 495 2972 diminutionem
516 2920 578 2972 boni
596 2937 643 2990 per
656 2921 763 2987 malurn,
777 2921 838 2992 quia
856 2923 1038 2990 proportiose·

114 2990 236 3043 cundum
251 3005 331 3060 qutun
350 2989 381 3044 tit
402 2991 495 3043 divisio
513 3007 564 3044 non
590 2993 723 3060 reperitur
747 2993 894 3045 necessario
926 2993 951 3043 in
971 2992 1037 3044 dim·

114 3062 232 3114 natione.
252 3097 285 3106 --
305 3062 449 3132 Responsio
467 3068 553 3113 autern
572 3062 598 3114 S.
618 3063 733 3116 Tiromee
752 3064 779 3116 in
797 3079 828 3116 co
846 3069 900 3116 tota
922 3065 1039 3116 consistit

114 3133 187 3199 quod
205 3132 352 3195 intellectus
371 3141 397 3185 et
415 3133 537 3185 voluntas
555 3135 581 3184 in
600 3136 654 3186 suis
673 3136 773 3188 actibus
781 3135 906 3188 terminos
925 3150 977 3188 uon
995 3135 1040 3187 ha·

91 3219 95 3226 ·
114 3203 188 3256 bent.
207 3203 289 3266 Unde,
308 3205 334 3256 in
353 3205 506 3270 moralibus,
525 3205 664 3263 diminutio
681 3206 749 3276 boni
769 3221 817 3276 per
835 3207 933 3258 maium
954 3213 1040 3276 potest

115 3275 258 3343 procedere
275 3276 302 3328 in
321 3274 463 3334 infinitum:
482 3291 529 3329 nec
547 3283 634 3328 tamen
653 3279 767 3329 totaliter
785 3277 883 3330 honum
906 3293 1040 3330 consume·

116 3353 171 3412 tur,
189 3362 249 3398 cum
267 3362 369 3416 semper
387 3355 510 3400 naturam
533 3352 711 3400 remanentem
738 3348 887 3403 comitatur.
908 3349 937 3402 ln
963 3358 1039 3404 natu·

115 3417 217 3470 ratibus
235 3432 306 3484 vero,
325 3417 423 3471 malum
443 3435 495 3471 non
513 3425 598 3487 potest
616 3419 643 3470 in
660 3417 793 3471 infinitum
812 3421 960 3488 procedere,
978 3439 1038 3474 curn

116 3502 206 3540 omnes
225 3487 324 3542 formae
342 3492 475 3544 naturales
494 3507 523 3544 ac
541 3491 650 3562 proinde
666 3491 828 3562 privationes
846 3493 882 3544 cis
904 3494 1038 3561 oppositae

117 3565 179 3612 sunt
197 3562 359 3614 terminatae.
388 3615 395 3632 ⁸
