2494 3970
197 196 241 262 78
529 216 586 261 tin.
610 218 652 262 rn.
676 216 741 261 oto.
764 200 857 261 ittet.¹

196 307 213 350 a
237 285 300 352 suis
324 281 461 370 objectis,
485 283 604 370 objecta
627 299 697 350 suut
728 284 907 370 opturaliter
945 285 1046 371 priora
1068 306 1118 351 ac-

197 375 278 440 tibus
302 374 424 440 illarum
449 375 667 458 potentiarum,
690 373 769 438 siout
798 387 900 438 motor
938 374 1119 440 naturaliter

196 465 282 550 prior
304 477 349 528 est
373 482 466 548 quarn
490 465 608 528 moveri
631 463 725 548 ipsius
750 462 882 527 mobilis.
906 462 990 527 Talis
1014 479 1117 529 autem

196 551 331 638 potentia
354 564 400 616 est
423 551 574 630 vuluntas3
597 551 761 638 appetibile
785 553 867 616 enirn
890 565 993 616 mouet
1024 572 1118 638 oppe-

195 643 295 707 titum.
320 639 484 726 Objeotum
507 641 599 724 igitur
622 639 785 704 voluntatis
808 653 853 704 est
887 643 971 727 prius
995 655 1119 705 natura-

195 729 264 794 liter
286 751 379 816 quam
404 743 488 794 actus
511 729 587 814 ejus.
611 728 750 793 Primum
776 729 867 812 igitur
878 729 944 814 ejus
957 729 1115 814 objectum

194 818 350 905 praecedit
373 837 499 883 omnem
530 833 631 883 actum
668 818 773 903 ipsius.
803 816 871 890 Non
906 831 1006 904 potest
1044 837 1119 903 ergo

194 922 280 972 aetus
304 907 469 974 voluntatis
493 907 627 992 primum
651 907 778 971 volitum
803 926 881 971 esse.
917 907 981 972 lloc
1015 921 1119 972 autern

195 1010 241 1060 est
264 995 391 1074 ultimus
415 995 495 1072 finis,
517 1017 597 1081 quae
635 1009 681 1060 est
719 994 887 1060 beatitudo.
927 995 1120 1082 Impossibile
1233 995 1234 1022 ¹

196 1099 242 1148 est
265 1085 357 1168 igitur
378 1084 462 1171 quod
487 1084 643 1150 beatitudo
667 1086 730 1149 site
753 1082 880 1149 felicitas
896 1083 934 1149 sit
952 1086 1018 1171 ipse
1034 1099 1121 1149 actus

197 1173 373 1238 uoluntatis.

264 1262 438 1340 Praeterea,
462 1261 495 1325 ln
520 1261 665 1326 omnibus
699 1261 843 1347 potentiis
878 1282 957 1346 quae
991 1274 1123 1348 possunt

197 1351 334 1416 converti
358 1351 388 1414 in
412 1371 484 1416 suos
508 1365 593 1416 actus
616 1351 679 1437 (l),
696 1351 779 1434 prius
803 1364 924 1436 oportet
939 1351 1122 1436 quodactus

98 1456 100 1461 ’
197 1441 278 1505 illius
302 1439 456 1526 potentiae
479 1438 595 1506 seretur
618 1441 649 1504 in
672 1438 828 1522 objectum
852 1439 977 1525 aliquod
990 1453 1020 1504 ει
1037 1452 1122 1526 post-

197 1529 325 1594 modum
349 1527 465 1594 feratur
487 1529 518 1593 in
541 1549 633 1594 suum
656 1541 758 1593 actum
782 1526 843 1616 (ᾖ).
868 1527 900 1592 Si
924 1529 1007 1592 enirn
1032 1529 1121 1594 intel·

197 1617 293 1683 lectus
326 1617 467 1702 intelligit
488 1637 522 1682 se
544 1617 727 1702 intelligere,
750 1620 834 1703 prius
857 1630 977 1703 oportet
1001 1637 1121 1704 ponere

197 1707 281 1791 quod
295 1706 444 1791 intelligat
459 1726 525 1770 reru
540 1708 685 1792 aliquam,
701 1719 731 1768 et
743 1705 1061 1792 consequenterquod
1075 1707 1123 1770 io-
1233 1739 1234 1752 r

198 1795 359 1878 telligatse
372 1794 551 1878 intelligere
568 1815 638 1858 uam
663 1796 764 1878 ipsum
782 1795 952 1878 intelligere
964 1795 1048 1881 quod
1075 1795 1122 1859 in·

197 1883 336 1948 tellectus
349 1883 492 1966 intelligit
504 1882 632 1968 alicujus
644 1882 755 1968 objecti
772 1897 817 1948 est
829 1884 892 1968 (5);
906 1884 989 1948 unde
1001 1898 1125 1970 oportet
1233 1947 1234 1954 ,

197 1971 282 2057 quod
305 1971 353 2036 vcl
376 1970 560 2058 procedatur
576 1973 606 2036 iu
619 1971 784 2049 inlinitum,
798 1973 856 2048 vel,
873 1973 898 2036 si
914 1987 962 2036 est
978 1971 1126 2038 devenire
1233 1977 1234 2064 ξ

198 2061 236 2125 ad
256 2060 390 2146 primurn
407 2060 606 2137 intellectum,
620 2062 750 2125 huonon
762 2061 819 2124 erit
832 2062 932 2147 ipsum
948 2061 1126 2146 intelligere

198 2150 253 2214 sed
269 2149 370 2235 aliqua
378 2169 426 2214 res
443 2149 652 2234 intelligibilis.
666 2148 813 2213 Similiter
825 2162 946 2234 oportet
958 2151 1043 2235 quod
1060 2152 1124 2236 pri·

198 2259 285 2304 mum
296 2238 422 2303 volitum
436 2240 548 2303 nonsit
564 2239 664 2324 ipsum
675 2237 763 2314 velle,
776 2237 962 2323 sedaliquod
973 2239 1055 2303 aliud
1067 2240 1125 2304 bo·

198 2348 284 2393 num.
308 2327 447 2392 Primum
472 2341 575 2392 autem
600 2326 727 2391 volitum
752 2325 968 2392 intellectualis
991 2341 1122 2394 naturae

199 2431 245 2481 est
268 2416 333 2502 ipsa
358 2415 514 2480 beatitudo
538 2417 609 2481 sivo,
625 2414 764 2492 lelieitas3
788 2435 859 2480 narn
900 2431 1026 2502 propter
1063 2417 1124 2482 boc

198 2505 342 2570 volumus
365 2523 580 2590 quaecumque
604 2503 756 2568 volumus.
780 2503 973 2590 impossibile
997 2517 1043 2570 est
1065 2506 1124 2591 igi·

198 2606 248 2658 tur
271 2591 445 2658 felicitatem
469 2593 671 2658 essentialiter
693 2592 725 2656 in
755 2605 825 2658 actu
862 2593 1026 2660 voluntatis
1049 2615 1122 2660 con·

199 2683 316 2747 sistere.

264 2769 413 2856 Amplius,
451 2768 722 2856 Unumquodque,
757 2769 930 2836 seeundum
966 2790 1002 2836 ea
1042 2791 1124 2858 quac

190 2860 387 2938 ,constituunt
413 2860 619 2925 substantiam
643 2858 719 2944 ejus,
749 2858 843 2925 babet
876 2873 1005 2925 naturae
1043 2882 1119 2927 suae

250 2997 290 3070 (l)
311 2999 431 3053 Converti
447 3001 476 3052 in
494 3014 554 3052 soor
572 3005 657 3063 octus,
676 2997 693 3050 i.
716 3013 740 3052 e.
771 3012 839 3066 quac
865 3007 976 3068 possunt
1007 3001 1034 3054 iu
1063 3017 1126 3054 suos

203 3079 278 3128 actus
296 3072 385 3123 redire
403 3087 449 3124 seu
467 3071 578 3140 reflecti.

251 3142 291 3211 (b)
315 3141 413 3196 Sensus
430 3148 479 3194 est:
499 3140 620 3194 Potentia
643 3140 729 3193 fertur
760 3138 836 3208 prius
865 3139 893 3191 iu
924 3140 1056 3210 objectum
1085 3145 1127 3197 sui

198 3223 272 3273 actus
291 3219 318 3266 et
336 3213 504 3282 postmodum
526 3213 554 3264 in
584 3217 671 3265 actum
701 3225 779 3264 suurn
807 3210 886 3262 redit.
916 3212 1002 3268 blotus
1029 3215 1129 3268 scilicet

200 3287 317 3342 directus
335 3285 465 3338 antecedit
483 3291 584 3336 molum
603 3282 741 3335 reflexum.

254 3353 293 3425 (5)
312 3355 377 3409 llam
396 3355 495 3426 species
524 3353 693 3422 intelligibilis
712 3354 721 3422 (
740 3353 826 3422 ipsum
844 3351 1017 3424 intelligere)
1046 3372 1127 3426 quom

193 3429 347 3492 ,intellectus
364 3428 393 3481 in
410 3443 438 3481 se
456 3426 528 3483 videt
546 3441 594 3496 per
622 3423 792 3480 reflexionem
826 3429 867 3478 est
892 3427 991 3496 specics
1017 3427 1128 3498 alicujus

194 3499 305 3568 [objecti.
