2462 3968
408 239 463 284 ιιιι.
488 237 528 282 ιιι.
552 237 615 282 ιιι.
640 237 708 282 xcii.
953 218 1018 284 973

93 324 191 400 potest
215 309 396 394 contingere
420 306 534 392 aliquid
571 321 691 392 praeter
714 304 916 371 intentionem
957 307 1011 372 lio-

92 403 182 466 minis
207 399 294 486 quod
318 411 420 464 tamen
455 409 501 460 est
534 395 704 460 secundum
739 393 880 460 ordinem
917 395 1017 461 eaelo·

90 491 180 554 stium
205 509 374 575 corporum
399 485 445 550 rel
468 485 700 570 dispositionem
735 484 925 568 Angelorum
963 486 1012 550 vel

91 580 182 643 etiam
206 577 276 642 Dei.
301 575 448 658 Quamvis
471 583 573 638 autem
598 573 681 636 Deus
719 572 803 638 solus
836 573 951 638 directe
974 575 1013 640 ad

92 667 277 732 electionem
305 664 439 732 hominis
473 678 629 748 operetur,
667 675 769 726 tamen
794 666 872 726 aetio
906 662 1013 746 dogeli

92 769 241 843 operatur
264 754 378 840 aliquid
403 751 442 817 ad
465 752 647 816 electionem
665 751 798 814 hominis
815 771 869 836 per
885 753 1012 816 modom

20 899 25 918 ,
94 844 322 932 persuadentis,
345 843 423 907 aetio
447 860 520 904 vero
544 840 682 924 corporis
706 840 847 904 eoelestis
871 860 925 926 per
950 861 1016 905 rno-

92 933 165 998 dum
191 933 394 1019 disponentis,
417 931 599 1014 inquantum
622 929 818 1013 corporales*
837 929 1014 994 caelestium

68 1045 71 1052 ·
92 1041 266 1110 corporum
289 1019 506 1106 impressiones
530 1019 562 1080 in
579 1037 707 1103 corpora
725 1033 828 1082 nostra
845 1019 1014 1104 disponunt

93 1111 131 1176 ad
153 1111 276 1196 aliquas
300 1109 475 1173 electiones.
500 1107 633 1188 Quando
657 1107 749 1190 igitur
772 1107 881 1192 aliquis
904 1127 941 1172 ιιι
957 1109 1030 1188 imy

92 1201 254 1286 pressione
277 1197 455 1263 caelestium
479 1216 645 1280 corporum
673 1209 702 1258 et
726 1199 919 1282 superiorum
943 1217 1014 1262 eau-

91 1309 196 1356 sarum
221 1287 393 1354 secundum
417 1285 607 1371 praedictum
630 1283 758 1348 modurn
794 1285 955 1351 inclinatur
978 1285 1018 1352 ad

92 1377 211 1463 aliquas
235 1377 402 1442 electiones
424 1374 482 1438 sibi
507 1375 607 1448 utiles,
630 1392 762 1456 quarum
796 1389 901 1438 tarnen
940 1375 1019 1440 utili·

94 1478 188 1532 tatem
215 1465 337 1553 propria
362 1464 480 1528 ratione
504 1483 567 1526 non
592 1465 763 1543 cognoscin
778 1477 808 1526 et
823 1485 894 1528 eom
911 1466 1020 1530 exlroc
1053 1513 1055 1518 -

93 1552 212 1618 lumine
237 1551 489 1618 intellectualium
514 1551 753 1614 substantiarum
768 1551 959 1618 illuminatur
975 1555 1019 1618 in-

94 1643 236 1709 tellectus
260 1642 326 1728 ejus
351 1641 388 1705 ad
413 1640 523 1707 eadem
548 1639 756 1722 intelligenda,
790 1655 820 1704 et
855 1663 892 1706 ex
916 1641 1016 1707 divina

94 1733 281 1816 operatione
304 1731 470 1795 inclinante
494 1728 657 1793 inclinatur
695 1727 761 1812 ejus
800 1729 941 1796 voluntas
978 1732 1017 1797 ad

95 1820 209 1906 aliquid
234 1819 411 1905 eligendum
434 1817 491 1883 sibi
516 1817 600 1890 utile,
623 1815 711 1900 cujus
746 1817 897 1884 rationem
930 1822 1017 1904 igno·

95 1922 151 1984 rat,
174 1911 287 1974 dicitur
310 1915 377 1974 ess'e
401 1907 480 1973 bene
519 1907 702 1982 lortunatus3
738 1920 767 1970 et
801 1926 818 1970 e
852 1911 1017 1986 contrario,

96 1998 177 2063 male
203 1998 387 2073 fortunatus,
410 1994 535 2083 quando
559 1995 829 2080 exsuperioribus
863 1999 961 2064 causis
977 1999 1015 2064 ad

94 2089 247 2152 contraria
270 2086 337 2171 ejus
361 2086 470 2150 electio
494 2084 668 2157 inclinatur,
703 2085 780 2149 sieut
803 2085 842 2150 de
879 2088 1016 2172 quodam

96 2175 215 2242 dicitur:
242 2175 347 2241 Scribe
368 2175 470 2240 uirum
492 2175 586 2238 istum
609 2174 757 2248 atet-ilem,
786 2176 887 2238 uirum
910 2179 962 2259 qui
984 2179 1017 2242 in

96 2264 204 2330 diebus
227 2267 292 2330 attia
314 2284 377 2328 nou
397 2263 646 2346 prosperabitur,
668 2263 794 2341 ierem,
820 2263 874 2341 ιι,
898 2266 951 2329 30.
1029 2315 1031 2326 .

161 2355 224 2419 Sed
249 2356 279 2418 in
304 2354 363 2418 lroo
387 2365 433 2416 est
457 2350 647 2415 attendenda
666 2351 848 2417 dillerentia.
866 2352 942 2418 Nam
960 2353 1018 2436 im·

97 2446 272 2526 pressiones
295 2461 461 2528 corporum
485 2440 665 2504 caelestium
693 2441 724 2503 in
762 2462 891 2527 corpora
915 2457 1020 2508 nostra

98 2547 225 2596 causant
247 2532 279 2596 in
302 2532 391 2596 nobis
414 2529 569 2594 naturales
595 2549 761 2614 corporum
792 2531 1019 2616 dispositiones,

99 2633 128 2689 et
150 2621 233 2699 ideo,
255 2640 292 2684 ex
308 2618 507 2705 dispositione
530 2618 634 2681 relicta
669 2636 706 2682 ex
744 2639 874 2704 corpore
897 2620 1019 2686 caelesti

99 2706 277 2796 incorpore
301 2721 417 2784 nostro,
440 2705 550 2771 dicitur
574 2705 682 2792 aliquis
717 2727 779 2772 non
813 2708 914 2772 solum
938 2710 1018 2774 bene

98 2793 271 2864 fortunatus
293 2808 345 2862 aut
367 2795 458 2872 male,
480 2794 534 2860 sed
557 2795 650 2858 ctiam
674 2794 753 2860 hene
777 2810 865 2862 natus
887 2812 940 2864 aut
955 2817 1019 2865 ma-

98 2881 137 2964 le,
159 2885 332 2952 secundum
355 2905 448 2972 qoem
461 2883 590 2948 modurn
615 2883 820 2970 Philosophus
841 2887 912 2952 dicit
927 2892 941 2973 (
957 2888 1019 2952 Μι-

100 2994 151 3059 gn.
174 2975 347 3051 lloralul,
370 2994 397 3038 ι.
420 2972 467 3058 8)
502 2971 586 3059 qnod
610 2973 690 3035 bene
724 2972 913 3040 fortunatum
952 2998 1033 3052 esse,

100 3076 235 3129 estesse
259 3066 339 3128 bene
375 3074 493 3128 natum.
528 3060 596 3124 Non
634 3062 717 3124 enim
755 3075 855 3148 potest
893 3065 1020 3147 intelligi

102 3152 186 3237 quod
209 3153 269 3217 hoc
291 3172 330 3217 ex
363 3165 471 3216 natura
511 3149 684 3214 intellectus
719 3149 838 3216 diversa
877 3154 1023 3238 procedat

103 3241 186 3323 quod
210 3261 289 3306 unus
311 3239 396 3306 utilia
419 3239 477 3304 sibi
500 3239 592 3323 eligat
615 3251 645 3302 et
668 3238 745 3303 alius
769 3244 885 3319 troeiva,
902 3255 1023 3328 praeter

105 3331 256 3395 rationem
281 3329 449 3416 propriam,
472 3348 543 3392 com
567 3340 675 3392 tratura
698 3329 871 3399 intellectus
898 3331 946 3396 rel
970 3351 1023 3396 vo·

106 3416 228 3484 luntatis
254 3419 285 3484 in
308 3418 453 3483 carnibus
478 3415 655 3482 hominibus
678 3416 717 3481 sit
754 3438 826 3497 unm
865 3419 1022 3486 diversitas

108 3505 191 3576 enirn
212 3506 351 3576 lormalis
374 3506 532 3576 induceret
555 3505 761 3574 diversitatem
773 3509 945 3576 secundum
957 3530 1024 3598 spe·
