2516 3968
411 247 468 293 ata.
499 246 540 294 nt.
564 246 628 293 err.
653 245 723 292 exer
800 265 807 276 ·
967 225 1028 292 ddi

108 314 264 402 corruptio
286 313 366 384 aeria
388 331 434 381 eat
457 316 536 402 ignis
558 318 730 400 generatio,
751 324 783 380 et
815 312 928 380 oeoiaio
967 315 1036 381 avia

108 420 159 472 est
177 417 282 492 pastus
304 403 379 492 iupi.
403 403 482 470 Cum
504 405 598 490 igitur
629 420 716 472 aetus
751 403 878 468 humaui
913 401 1037 480 diuinae

107 493 318 582 prouidentiae
341 493 523 571 subdantur,
545 495 625 559 sieut
640 508 672 559 et
694 513 745 559 rea
759 489 928 568 naturales,
943 511 1036 578 opor·

109 597 150 648 tet
174 583 291 652 maium
314 582 398 668 quod
421 583 533 648 aoeidit
568 583 598 648 iu
637 581 781 648 humarus
820 579 938 646 autibus
973 580 1039 648 sub.

108 671 218 738 ordine
241 669 371 756 alieuius
394 671 466 736 boni
491 669 644 738 ooueiudi.
677 671 747 736 Hae
779 681 884 735 autem
922 689 1036 736 eonve-

107 760 297 828 nientisaime
321 760 354 824 fit
376 780 432 847 pet·
455 760 515 824 hoo
536 759 622 845 quod
644 772 768 846 pennata
793 758 974 846 puniuntur,
990 758 1038 824 sie

108 849 191 914 euim
215 849 273 914 sub
297 847 406 914 ordine
437 847 583 933 justitiae,
622 869 703 936 quae
740 847 778 912 ad
818 847 1039 932 aequalitatem

107 937 238 1016 reduoit,
261 937 568 1022 eomprehauduottu
591 957 628 1003 ea
662 955 742 1024 quae
776 935 913 1002 debitam
936 955 1034 1022 quau·

107 1027 225 1091 titatem
248 1026 410 1090 excedunt.
449 1025 575 1092 Excedit
613 1039 719 1092 autam
756 1024 851 1090 bomo
889 1023 1032 1092 debitum

107 1135 185 1180 suae
207 1114 386 1201 quantitatis
406 1115 549 1200 gradum,
571 1113 646 1180 dum
670 1114 859 1179 voluntatem
874 1133 962 1180 auam
986 1113 1034 1178 di·

109 1207 199 1268 vinae
221 1202 368 1268 voluntati
390 1203 535 1290 praefert,
557 1202 776 1269 miiaiaoiendn
799 1202 834 1268 ei·
852 1214 964 1268 ooutra.
982 1221 1037 1268 orn

108 1292 214 1358 dinem
237 1291 305 1368 θεὶς
327 1311 407 1377 quae
433 1292 559 1378 quidem
582 1291 782 1379 inaequalitas
805 1289 932 1368 tollitur,
956 1289 1033 1356 dum

108 1395 215 1448 eontra
240 1379 428 1446 voluntatem
452 1401 540 1447 attam
564 1381 659 1446 homo
683 1379 797 1466 aliquid
822 1381 883 1466 pati
911 1380 1032 1466 cogitur

109 1468 283 1535 seeundum
307 1468 545 1534 ordinationem.
568 1467 698 1556 Oportet
724 1469 815 1554 igitur
853 1469 936 1555 quod
960 1488 1033 1556 peu·
1139 1493 1142 1500 ¹

108 1571 176 1624 eata
200 1558 334 1624 humana
357 1559 524 1645 puniantur
547 1557 704 1635 divinitus,
726 1567 765 1622 et
780 1556 1033 1625 eadem·ratione

111 1647 194 1714 bone
218 1646 295 1711 saeta
319 1647 602 1712 remunerationem
629 1645 805 1734 accipiant„

177 1734 264 1814 itam,
286 1735 398 1804 Divina
433 1735 623 1821 providentia
657 1755 721 1802 uon
760 1732 863 1802 auium
899 1733 1034 1822 disponit

110 1845 222 1891 rerum·
240 1823 394 1900 ordinem,
416 1825 587 1892 sedetiam
611 1837 716 1890 movet
738 1823 843 1890 omnia
866 1822 904 1892 ad
917 1822 1036 1890 ordinis

111 1914 152 1980 ab
176 1933 212 1978 ea
237 1912 375 2005 dispositi
404 1914 638 1992 executionem,
675 1928 708 1979 ut
745 1932 838 2000 supra
875 1925 1035 1980 orteuaum

111 2016 168 2069 eat
192 2001 339 2068 Voluntas
362 2015 465 2068 autem
489 2023 507 2068 a
529 2023 587 2069 auo
612 2001 734 2088 objeoto
772 2013 927 2080 movetur,
947 2001 1036 2088 quod

112 2105 160 2157 est
183 2090 302 2172 bonurn
326 2089 376 2156 aei·
397 2091 525 2156 malum.
550 2091 599 2157 Ad
620 2092 759 2158 divinam
768 2090 861 2175 igitur
872 2089 1035 2176 providen-

112 2181 188 2246 tiam
211 2179 342 2266 pertinet
380 2179 464 2264 quod
498 2179 678 2246 hominibus
711 2180 793 2244 bona
827 2191 978 2264 proponat
1000 2181 1034 2244 in

111 2268 298 2356 praemium,
321 2279 354 2332 ut
377 2266 520 2332 notanus
543 2268 582 2352 ud
604 2282 688 2334 reete
712 2265 880 2334 nolendum
910 2285 1036 2334 moveo·

110 2371 172 2433 tur,
194 2369 224 2422 et
246 2355 327 2422 maia
350 2369 502 2443 proponat
530 2355 562 2421 in
597 2375 742 2444 poenam,
776 2353 815 2422 ad
851 2355 912 2422 iroo
949 2354 1034 2444 quod

110 2445 374 2515 inordinationem
398 2447 481 2510 uitet.

181 2533 354 2612 Praeterea,
387 2532 496 2600 Divina
532 2532 725 2621 prouidentia
761 2530 832 2600 huo«
855 2531 950 2600 modo
983 2553 1036 2601 rea

111 2622 266 2689 ordinauit
287 2621 372 2708 quod
394 2640 456 2688 una
479 2622 566 2689 aiteri
591 2622 697 2709 prosit.
736 2619 1036 2690 Conuenientiseime

111 2725 217 2778 autem
241 2710 337 2776 bomo
358 2710 480 2797 proficit
501 2711 541 2776 ad
564 2711 659 2778 finem
683 2709 768 2785 bani,
803 2724 866 2778 tam
889 2731 927 2776 en
949 2710 1035 2778 hono

111 2801 238 2867 alterius
260 2799 394 2865 hominia
417 2819 572 2886 quanter
595 2800 688 2878 malo,
712 2799 787 2866 dum
823 2799 978 2866 exaitatur
993 2799 1034 2867 ad

111 2889 195 2956 bene
217 2889 373 2974 agendum
396 2907 452 2974 per
474 2888 534 2955 hoe
557 2888 642 2975 quod
665 2888 748 2954 videt
776 2887 857 2954 hene
871 2903 1034 2974 operantes

110 2977 289 3066 praemiari,
310 2989 342 3042 et
363 2975 439 3042 dum
463 2991 625 3044 revooatur
663 2971 802 3042 amald'
824 2977 946 3061 agendo
979 2997 1035 3064 per

109 3070 173 3135 hoo
195 3063 280 3153 quod
304 3064 386 3131 uidet
408 3065 491 3132 maie
513 3079 641 3152 agentes
664 3065 778 3153 puniri.
814 3065 861 3132 tu
897 3065 1034 3140 divinata

108 3155 204 3241 igitur
226 3152 450 3242 prouidentiam
474 3158 607 3242 pertinet
641 3153 727 3240 quod
758 3151 833 3220 maii
868 3155 1035 3240 puniantur

108 3259 143 3310 et
164 3242 239 3309 boni
261 3242 482 3330 praemiantur.

177 3331 257 3398 ilino
277 3344 324 3397 est
345 3331 427 3416 quod
452 3331 571 3398 dieitur:
594 3329 658 3418 Epo
680 3350 750 3398 rum
766 3330 917 3398 Dominae
939 3331 1034 3412 Deua,

113 3432 227 3498 tenu...,
248 3420 380 3486 uiritoua
401 3419 597 3505 iniquitatem
618 3431 749 3505 petram
773 3421 817 3486 itt*
843 3419 968 3509 ptos...‚
1005 3433 1036 3488 et

112 3509 553 3596 societurutt'terioordiomip
591 3510 694 3580 mittio
726 3509 777 3579 itia
809 3511 867 3598 ¹pati
879 3559 882 3566 -
901 3511 1036 3600 nuptm
