<?xml version="1.0" encoding="UTF-8"?>
<!DOCTYPE html PUBLIC "-//W3C//DTD XHTML 1.0 Transitional//EN"
    "http://www.w3.org/TR/xhtml1/DTD/xhtml1-transitional.dtd">
<html xmlns="http://www.w3.org/1999/xhtml" xml:lang="en" lang="en">
 <head>
  <title>
</title>
<meta http-equiv="Content-Type" content="text/html;charset=utf-8" />
  <meta name='ocr-system' content='tesseract 3.04.00' />
  <meta name='ocr-capabilities' content='ocr_page ocr_carea ocr_par ocr_line ocrx_word'/>
</head>
<body>
  <div class='ocr_page' id='page_1' title='image "./sanctithomaeaqu00thomgoog_0298.png"; bbox 0 0 2476 3978; ppageno 0'>
   <div class='ocr_carea' id='block_1_1' title="bbox 87 249 1060 3633">
    <p class='ocr_par' dir='ltr' id='par_1_1' title="bbox 87 249 1004 1039">
     <span class='ocr_line' id='line_1_1' title="bbox 382 249 1000 318; baseline 0.006 -4"><span class='ocrx_word' id='word_1_1' title='bbox 382 272 436 315; x_wconf 81' lang='lat' dir='ltr'><strong><em>us.</em></strong></span> <span class='ocrx_word' id='word_1_2' title='bbox 463 249 501 315; x_wconf 82' lang='lat' dir='ltr'><strong><em>ut.</em></strong></span> <span class='ocrx_word' id='word_1_3' title='bbox 525 270 588 317; x_wconf 81' lang='lat' dir='ltr'><strong><em>ese.</em></strong></span> <span class='ocrx_word' id='word_1_4' title='bbox 611 271 691 317; x_wconf 85' lang='lat' dir='ltr'><strong><em>scu.</em></strong></span> <span class='ocrx_word' id='word_1_5' title='bbox 936 251 1000 318; x_wconf 71' lang='lat'><strong><em>995</em></strong></span> 
     </span>
     <span class='ocr_line' id='line_1_2' title="bbox 92 337 1002 426; baseline 0.005 -23"><span class='ocrx_word' id='word_1_6' title='bbox 92 337 258 426; x_wconf 85' lang='lat' dir='ltr'><strong><em>essequod</em></strong></span> <span class='ocrx_word' id='word_1_7' title='bbox 283 338 433 404; x_wconf 81' lang='lat' dir='ltr'><strong><em>desiderio</em></strong></span> <span class='ocrx_word' id='word_1_8' title='bbox 457 340 591 426; x_wconf 81' lang='lat' dir='ltr'><strong><em>impleut.</em></strong></span> <span class='ocrx_word' id='word_1_9' title='bbox 616 337 891 405; x_wconf 83' lang='lat' dir='ltr'><strong><em>Mobileeutemod</em></strong></span> <span class='ocrx_word' id='word_1_10' title='bbox 907 339 1002 408; x_wconf 85' lang='lat' dir='ltr'><strong><em>finem</em></strong></span> 
     </span>
     <span class='ocr_line' id='line_1_3' title="bbox 92 428 1003 515; baseline 0.003 -23"><span class='ocrx_word' id='word_1_11' title='bbox 92 442 187 494; x_wconf 87' lang='lat' dir='ltr'><strong><em>motus</em></strong></span> <span class='ocrx_word' id='word_1_12' title='bbox 211 447 272 493; x_wconf 92' lang='lat' dir='ltr'><strong><em>non</em></strong></span> <span class='ocrx_word' id='word_1_13' title='bbox 296 428 473 515; x_wconf 77' lang='lat' dir='ltr'>perducitur</span> <span class='ocrx_word' id='word_1_14' title='bbox 496 450 512 493; x_wconf 81' lang='lat' dir='ltr'>a</span> <span class='ocrx_word' id='word_1_15' title='bbox 536 428 758 502; x_wconf 84' lang='lat' dir='ltr'><strong><em>moventenisi</em></strong></span> <span class='ocrx_word' id='word_1_16' title='bbox 793 443 894 493; x_wconf 88' lang='lat' dir='ltr'><strong><em>motus</em></strong></span> <span class='ocrx_word' id='word_1_17' title='bbox 931 450 1003 496; x_wconf 88' lang='lat' dir='ltr'><strong><em>oon·</em></strong></span> 
     </span>
     <span class='ocr_line' id='line_1_4' title="bbox 90 516 1003 603; baseline 0.004 -23"><span class='ocrx_word' id='word_1_18' title='bbox 90 517 233 583; x_wconf 81' lang='lat' dir='ltr'><strong><em>tinuetur.</em></strong></span> <span class='ocrx_word' id='word_1_19' title='bbox 256 516 287 581; x_wconf 89' lang='lat' dir='ltr'><strong><em>Si</em></strong></span> <span class='ocrx_word' id='word_1_20' title='bbox 312 517 404 600; x_wconf 82' lang='lat' dir='ltr'><strong><em>igitur</em></strong></span> <span class='ocrx_word' id='word_1_21' title='bbox 441 531 543 582; x_wconf 89' lang='lat' dir='ltr'><strong><em>motus</em></strong></span> <span class='ocrx_word' id='word_1_22' title='bbox 581 517 726 583; x_wconf 88' lang='lat' dir='ltr'><strong><em>desiderii</em></strong></span> <span class='ocrx_word' id='word_1_23' title='bbox 765 537 820 603; x_wconf 80' lang='lat' dir='ltr'><strong><em>per</em></strong></span> <span class='ocrx_word' id='word_1_24' title='bbox 854 519 1003 584; x_wconf 74' lang='lat' dir='ltr'><strong><em>orationis</em></strong></span> 
     </span>
     <span class='ocr_line' id='line_1_5' title="bbox 89 607 1004 686; baseline 0.004 -18"><span class='ocrx_word' id='word_1_25' title='bbox 89 609 259 672; x_wconf 83' lang='lat' dir='ltr'><strong><em>nsnnnam</em></strong></span> <span class='ocrx_word' id='word_1_26' title='bbox 283 627 345 671; x_wconf 85' lang='lat' dir='ltr'><strong><em>non</em></strong></span> <span class='ocrx_word' id='word_1_27' title='bbox 369 607 574 686; x_wconf 83' lang='lat' dir='ltr'><strong><em>continuetur,</em></strong></span> <span class='ocrx_word' id='word_1_28' title='bbox 608 628 670 672; x_wconf 90' lang='lat' dir='ltr'><strong><em>non</em></strong></span> <span class='ocrx_word' id='word_1_29' title='bbox 706 619 751 670; x_wconf 89' lang='lat' dir='ltr'><strong><em>est</em></strong></span> <span class='ocrx_word' id='word_1_30' title='bbox 785 608 1004 672; x_wconf 83' lang='lat' dir='ltr'><strong><em>inconveniens</em></strong></span> 
     </span>
     <span class='ocr_line' id='line_1_6' title="bbox 89 694 1003 761; baseline 0.004 -4"><span class='ocrx_word' id='word_1_31' title='bbox 89 695 110 757; x_wconf 87' lang='lat' dir='ltr'><strong><em>si</em></strong></span> <span class='ocrx_word' id='word_1_32' title='bbox 132 697 229 761; x_wconf 81' lang='lat' dir='ltr'><strong><em>oratio</em></strong></span> <span class='ocrx_word' id='word_1_33' title='bbox 252 695 393 760; x_wconf 81' lang='lat' dir='ltr'><strong><em>effectum</em></strong></span> <span class='ocrx_word' id='word_1_34' title='bbox 418 695 556 760; x_wconf 84' lang='lat' dir='ltr'><strong><em>debiturn</em></strong></span> <span class='ocrx_word' id='word_1_35' title='bbox 581 717 643 761; x_wconf 88' lang='lat' dir='ltr'><strong><em>non</em></strong></span> <span class='ocrx_word' id='word_1_36' title='bbox 680 695 832 759; x_wconf 79' lang='lat' dir='ltr'><strong><em>sortiatur.</em></strong></span> <span class='ocrx_word' id='word_1_37' title='bbox 857 694 933 760; x_wconf 83' lang='lat' dir='ltr'><strong><em>Hine</em></strong></span> <span class='ocrx_word' id='word_1_38' title='bbox 957 709 1003 761; x_wconf 87' lang='lat' dir='ltr'><strong><em>est</em></strong></span> 
     </span>
     <span class='ocr_line' id='line_1_7' title="bbox 89 783 1002 867; baseline 0 -19"><span class='ocrx_word' id='word_1_39' title='bbox 89 785 167 866; x_wconf 85' lang='lat' dir='ltr'><strong><em>quod</em></strong></span> <span class='ocrx_word' id='word_1_40' title='bbox 190 783 342 850; x_wconf 86' lang='lat' dir='ltr'>Dominus</span> <span class='ocrx_word' id='word_1_41' title='bbox 366 784 448 850; x_wconf 81' lang='lat' dir='ltr'><strong><em>dicit:</em></strong></span> <span class='ocrx_word' id='word_1_42' title='bbox 474 784 626 864; x_wconf 77' lang='lat' dir='ltr'><em>Quoniam</em></span> <span class='ocrx_word' id='word_1_43' title='bbox 663 794 805 864; x_wconf 82' lang='lat' dir='ltr'><strong><em>oportent</em></strong></span> <span class='ocrx_word' id='word_1_44' title='bbox 826 803 946 867; x_wconf 84' lang='lat' dir='ltr'><strong><em>semper</em></strong></span> <span class='ocrx_word' id='word_1_45' title='bbox 969 805 1002 848; x_wconf 93' lang='lat' dir='ltr'><strong><em>o·</em></strong></span> 
     </span>
     <span class='ocr_line' id='line_1_8' title="bbox 88 872 1001 960; baseline 0.005 -27"><span class='ocrx_word' id='word_1_46' title='bbox 88 892 166 952; x_wconf 87' lang='lat' dir='ltr'><strong><em>rore,</em></strong></span> <span class='ocrx_word' id='word_1_47' title='bbox 190 886 220 938; x_wconf 93' lang='lat' dir='ltr'><strong><em>et</em></strong></span> <span class='ocrx_word' id='word_1_48' title='bbox 242 893 302 937; x_wconf 92' lang='lat' dir='ltr'><strong><em>non</em></strong></span> <span class='ocrx_word' id='word_1_49' title='bbox 325 874 462 960; x_wconf 73' lang='lat' dir='ltr'><strong><em>deficere,</em></strong></span> <span class='ocrx_word' id='word_1_50' title='bbox 487 874 572 947; x_wconf 77' lang='lat' dir='ltr'><strong><em>Lus,</em></strong></span> <span class='ocrx_word' id='word_1_51' title='bbox 597 873 649 952; x_wconf 87' lang='grc'><strong><em>18,</em></strong></span> <span class='ocrx_word' id='word_1_52' title='bbox 672 873 703 947; x_wconf 88' lang='grc'><strong><em>7;</em></strong></span> <span class='ocrx_word' id='word_1_53' title='bbox 726 887 755 936; x_wconf 84' lang='grc' dir='ltr'><strong><em>ει</em></strong></span> <span class='ocrx_word' id='word_1_54' title='bbox 778 872 850 937; x_wconf 82' lang='lat' dir='ltr'><strong><em>dicit</em></strong></span> <span class='ocrx_word' id='word_1_55' title='bbox 873 874 1001 956; x_wconf 80' lang='lat' dir='ltr'><strong><em>Aposto-</em></strong></span> 
     </span>
     <span class='ocr_line' id='line_1_9' title="bbox 87 959 935 1039; baseline 0.001 -15"><span class='ocrx_word' id='word_1_56' title='bbox 87 959 140 1027; x_wconf 86' lang='lat' dir='ltr'><strong>lus:</strong></span> <span class='ocrx_word' id='word_1_57' title='bbox 166 962 239 1027; x_wconf 87' lang='lat' dir='ltr'><strong><em>Sine</em></strong></span> <span class='ocrx_word' id='word_1_58' title='bbox 260 963 486 1027; x_wconf 72' lang='lat' dir='ltr'><strong><em>intermissione</em></strong></span> <span class='ocrx_word' id='word_1_59' title='bbox 508 964 637 1039; x_wconf 70' lang='lat' dir='ltr'><strong><em>mutel</em></strong></span> <span class='ocrx_word' id='word_1_60' title='bbox 665 961 803 1026; x_wconf 78' lang='lat' dir='ltr'>Thessal.</span> <span class='ocrx_word' id='word_1_61' title='bbox 829 961 859 1038; x_wconf 75' lang='grc' dir='ltr'><strong><em>ὅ,</em></strong></span> <span class='ocrx_word' id='word_1_62' title='bbox 885 963 935 1026; x_wconf 91' lang='grc'><strong><em>17.</em></strong></span> 
     </span>
    </p>

    <p class='ocr_par' dir='ltr' id='par_1_2' title="bbox 89 1050 1006 1840">
     <span class='ocr_line' id='line_1_10' title="bbox 150 1050 1002 1138; baseline 0 -22"><span class='ocrx_word' id='word_1_63' title='bbox 150 1051 268 1117; x_wconf 80' lang='lat' dir='ltr'><strong><em>Rursus</em></strong></span> <span class='ocrx_word' id='word_1_64' title='bbox 290 1065 446 1116; x_wconf 80' lang='lat' dir='ltr'><strong><em>ostensum</em></strong></span> <span class='ocrx_word' id='word_1_65' title='bbox 470 1065 516 1115; x_wconf 87' lang='lat' dir='ltr'><strong><em>est</em></strong></span> <span class='ocrx_word' id='word_1_66' title='bbox 538 1053 579 1138; x_wconf 88' lang='lat' dir='ltr'><strong><em>(e.</em></strong></span> <span class='ocrx_word' id='word_1_67' title='bbox 597 1052 654 1136; x_wconf 74' lang='grc'><strong><em>95)</em></strong></span> <span class='ocrx_word' id='word_1_68' title='bbox 679 1050 762 1136; x_wconf 89' lang='lat' dir='ltr'><strong><em>quod</em></strong></span> <span class='ocrx_word' id='word_1_69' title='bbox 803 1051 887 1116; x_wconf 85' lang='lat' dir='ltr'><strong><em>Deus</em></strong></span> <span class='ocrx_word' id='word_1_70' title='bbox 911 1051 1002 1116; x_wconf 82' lang='lat' dir='ltr'><strong><em>satio-</em></strong></span> 
     </span>
     <span class='ocr_line' id='line_1_11' title="bbox 89 1138 1000 1226; baseline 0.001 -23"><span class='ocrx_word' id='word_1_71' title='bbox 89 1139 160 1204; x_wconf 83' lang='lat' dir='ltr'><strong><em>nalis</em></strong></span> <span class='ocrx_word' id='word_1_72' title='bbox 199 1157 358 1205; x_wconf 78' lang='lat' dir='ltr'><strong>creaturae</strong></span> <span class='ocrx_word' id='word_1_73' title='bbox 397 1139 543 1204; x_wconf 80' lang='lat' dir='ltr'><strong><em>decentes</em></strong></span> <span class='ocrx_word' id='word_1_74' title='bbox 577 1138 764 1206; x_wconf 83' lang='lat' dir='ltr'><strong><em>desiderium</em></strong></span> <span class='ocrx_word' id='word_1_75' title='bbox 803 1139 925 1226; x_wconf 86' lang='lat' dir='ltr'><strong><em>implet,</em></strong></span> <span class='ocrx_word' id='word_1_76' title='bbox 954 1140 1000 1204; x_wconf 90' lang='lat' dir='ltr'><strong><em>in·</em></strong></span> 
     </span>
     <span class='ocr_line' id='line_1_12' title="bbox 90 1228 1001 1316; baseline 0.001 -23"><span class='ocrx_word' id='word_1_77' title='bbox 90 1244 234 1314; x_wconf 84' lang='lat' dir='ltr'><strong><em>quantum</em></strong></span> <span class='ocrx_word' id='word_1_78' title='bbox 259 1231 286 1294; x_wconf 86' lang='grc' dir='ltr'><strong><em>εἰ</em></strong></span> <span class='ocrx_word' id='word_1_79' title='bbox 311 1229 545 1315; x_wconf 77' lang='lat' dir='ltr'><strong>appropinquat.</strong></span> <span class='ocrx_word' id='word_1_80' title='bbox 570 1228 801 1316; x_wconf 83' lang='lat' dir='ltr'><strong><em>Appropinquat</em></strong></span> <span class='ocrx_word' id='word_1_81' title='bbox 816 1242 918 1293; x_wconf 81' lang='lat' dir='ltr'><strong><em>autem</em></strong></span> <span class='ocrx_word' id='word_1_82' title='bbox 932 1229 1001 1314; x_wconf 84' lang='lat' dir='ltr'><strong><em>quis</em></strong></span> 
     </span>
     <span class='ocr_line' id='line_1_13' title="bbox 91 1316 1003 1404; baseline 0.002 -24"><span class='ocrx_word' id='word_1_83' title='bbox 91 1319 115 1381; x_wconf 86' lang='lat' dir='ltr'><strong><em>ei</em></strong></span> <span class='ocrx_word' id='word_1_84' title='bbox 138 1339 193 1402; x_wconf 81' lang='lat' dir='ltr'><strong><em>pes</em></strong></span> <span class='ocrx_word' id='word_1_85' title='bbox 216 1318 518 1404; x_wconf 82' lang='lat' dir='ltr'><strong><em>contemplationem,</em></strong></span> <span class='ocrx_word' id='word_1_86' title='bbox 557 1330 586 1381; x_wconf 85' lang='lat' dir='ltr'><strong><em>et</em></strong></span> <span class='ocrx_word' id='word_1_87' title='bbox 620 1318 762 1383; x_wconf 81' lang='lat' dir='ltr'><strong><em>deuotam</em></strong></span> <span class='ocrx_word' id='word_1_88' title='bbox 798 1316 1003 1394; x_wconf 80' lang='lat' dir='ltr'><strong><em>affectionem,</em></strong></span> 
     </span>
     <span class='ocr_line' id='line_1_14' title="bbox 91 1405 1004 1491; baseline 0.002 -23"><span class='ocrx_word' id='word_1_89' title='bbox 91 1419 119 1469; x_wconf 87' lang='lat' dir='ltr'><strong><em>et</em></strong></span> <span class='ocrx_word' id='word_1_90' title='bbox 140 1407 303 1480; x_wconf 83' lang='lat' dir='ltr'><strong><em>humilem,</em></strong></span> <span class='ocrx_word' id='word_1_91' title='bbox 326 1420 356 1471; x_wconf 87' lang='grc' dir='ltr'><strong><em>ει</em></strong></span> <span class='ocrx_word' id='word_1_92' title='bbox 379 1407 502 1472; x_wconf 81' lang='lat' dir='ltr'><strong><em>firmam</em></strong></span> <span class='ocrx_word' id='word_1_93' title='bbox 524 1405 727 1472; x_wconf 84' lang='lat' dir='ltr'><strong><em>intentionem</em></strong></span> <span class='ocrx_word' id='word_1_94' title='bbox 751 1407 801 1471; x_wconf 82' lang='lat' dir='ltr'><strong><em>illa</em></strong></span> <span class='ocrx_word' id='word_1_95' title='bbox 825 1407 918 1491; x_wconf 78' lang='lat' dir='ltr'><strong><em>igitur</em></strong></span> <span class='ocrx_word' id='word_1_96' title='bbox 934 1427 1004 1471; x_wconf 82' lang='lat' dir='ltr'><strong><em>osn-</em></strong></span> 
     </span>
     <span class='ocr_line' id='line_1_15' title="bbox 89 1494 1003 1582; baseline 0.002 -25"><span class='ocrx_word' id='word_1_97' title='bbox 89 1494 128 1560; x_wconf 84' lang='lat' dir='ltr'><strong><em>tio</em></strong></span> <span class='ocrx_word' id='word_1_98' title='bbox 150 1516 231 1581; x_wconf 82' lang='lat' dir='ltr'><strong><em>quse</em></strong></span> <span class='ocrx_word' id='word_1_99' title='bbox 254 1497 297 1561; x_wconf 86' lang='lat' dir='ltr'><strong><em>sie</em></strong></span> <span class='ocrx_word' id='word_1_100' title='bbox 320 1496 387 1560; x_wconf 88' lang='lat' dir='ltr'><strong><em>Deo</em></strong></span> <span class='ocrx_word' id='word_1_101' title='bbox 411 1516 472 1559; x_wconf 92' lang='lat' dir='ltr'><strong><em>non</em></strong></span> <span class='ocrx_word' id='word_1_102' title='bbox 497 1496 723 1582; x_wconf 81' lang='lat' dir='ltr'><strong><em>appropinquet</em></strong></span> <span class='ocrx_word' id='word_1_103' title='bbox 746 1516 808 1560; x_wconf 90' lang='lat' dir='ltr'><strong><em>non</em></strong></span> <span class='ocrx_word' id='word_1_104' title='bbox 843 1507 888 1560; x_wconf 88' lang='lat' dir='ltr'><strong><em>est</em></strong></span> <span class='ocrx_word' id='word_1_105' title='bbox 904 1515 921 1559; x_wconf 82' lang='lat' dir='ltr'><strong>a</strong></span> <span class='ocrx_word' id='word_1_106' title='bbox 936 1495 1003 1560; x_wconf 88' lang='lat' dir='ltr'><strong><em>Deo</em></strong></span> 
     </span>
     <span class='ocr_line' id='line_1_16' title="bbox 89 1583 1005 1667; baseline 0.002 -21"><span class='ocrx_word' id='word_1_107' title='bbox 89 1585 276 1650; x_wconf 81' lang='lat' dir='ltr'><strong><em>exaudibilis.</em></strong></span> <span class='ocrx_word' id='word_1_108' title='bbox 290 1584 376 1650; x_wconf 87' lang='lat' dir='ltr'><strong>Unde</strong></span> <span class='ocrx_word' id='word_1_109' title='bbox 400 1584 520 1649; x_wconf 83' lang='lat' dir='ltr'><strong><em>dieitur:</em></strong></span> <span class='ocrx_word' id='word_1_110' title='bbox 543 1583 689 1667; x_wconf 76' lang='lat' dir='ltr'><strong><em>Respexit</em></strong></span> <span class='ocrx_word' id='word_1_111' title='bbox 711 1586 743 1646; x_wconf 85' lang='lat' dir='ltr'><strong><em>in</em></strong></span> <span class='ocrx_word' id='word_1_112' title='bbox 757 1586 926 1648; x_wconf 79' lang='lat' dir='ltr'><strong><em>orationem</em></strong></span> <span class='ocrx_word' id='word_1_113' title='bbox 950 1585 1005 1648; x_wconf 81' lang='lat' dir='ltr'><strong><em>lu-</em></strong></span> 
     </span>
     <span class='ocr_line' id='line_1_17' title="bbox 90 1673 1006 1760; baseline 0.004 -25"><span class='ocrx_word' id='word_1_114' title='bbox 90 1673 216 1750; x_wconf 81' lang='lat' dir='ltr'><strong><em>milium,</em></strong></span> <span class='ocrx_word' id='word_1_115' title='bbox 241 1674 320 1738; x_wconf 84' lang='lat' dir='ltr'><strong><em>Psal.</em></strong></span> <span class='ocrx_word' id='word_1_116' title='bbox 345 1673 419 1750; x_wconf 91' lang='grc'><strong>101,</strong></span> <span class='ocrx_word' id='word_1_117' title='bbox 444 1673 495 1749; x_wconf 90' lang='grc'><strong><em>18;</em></strong></span> <span class='ocrx_word' id='word_1_118' title='bbox 519 1683 558 1737; x_wconf 87' lang='lat' dir='ltr'><strong><em>et:</em></strong></span> <span class='ocrx_word' id='word_1_119' title='bbox 586 1673 725 1740; x_wconf 86' lang='lat' dir='ltr'><strong><em>Postulet</em></strong></span> <span class='ocrx_word' id='word_1_120' title='bbox 745 1684 848 1739; x_wconf 84' lang='lat' dir='ltr'><strong><em>antem</em></strong></span> <span class='ocrx_word' id='word_1_121' title='bbox 877 1673 909 1736; x_wconf 89' lang='lat' dir='ltr'><strong><em>in</em></strong></span> <span class='ocrx_word' id='word_1_122' title='bbox 945 1674 1006 1760; x_wconf 76' lang='lat' dir='ltr'><strong><em>fide</em></strong></span> 
     </span>
     <span class='ocr_line' id='line_1_18' title="bbox 90 1761 519 1840; baseline 0.005 -17"><span class='ocrx_word' id='word_1_123' title='bbox 90 1762 163 1825; x_wconf 78' lang='lat' dir='ltr'><strong><em>nisit</em></strong></span> <span class='ocrx_word' id='word_1_124' title='bbox 185 1764 334 1838; x_wconf 82' lang='lat' dir='ltr'><strong><em>oesitons,</em></strong></span> <span class='ocrx_word' id='word_1_125' title='bbox 348 1763 422 1839; x_wconf 79' lang='lat' dir='ltr'><strong><em>lae,</em></strong></span> <span class='ocrx_word' id='word_1_126' title='bbox 438 1763 466 1840; x_wconf 93' lang='grc'><strong><em>1,</em></strong></span> <span class='ocrx_word' id='word_1_127' title='bbox 490 1761 519 1826; x_wconf 89' lang='grc'><strong><em>6.</em></strong></span> 
     </span>
    </p>

    <p class='ocr_par' dir='ltr' id='par_1_3' title="bbox 92 1849 1008 2558">
     <span class='ocr_line' id='line_1_19' title="bbox 151 1849 1007 1939; baseline -0.001 -24"><span class='ocrx_word' id='word_1_128' title='bbox 151 1850 238 1927; x_wconf 83' lang='lat' dir='ltr'><strong><em>item,</em></strong></span> <span class='ocrx_word' id='word_1_129' title='bbox 262 1850 428 1916; x_wconf 86' lang='lat' dir='ltr'><strong><em>Ostensum</em></strong></span> <span class='ocrx_word' id='word_1_130' title='bbox 444 1864 489 1916; x_wconf 90' lang='lat' dir='ltr'><strong><em>est</em></strong></span> <span class='ocrx_word' id='word_1_131' title='bbox 512 1851 554 1936; x_wconf 91' lang='lat' dir='ltr'><strong><em>(o.</em></strong></span> <span class='ocrx_word' id='word_1_132' title='bbox 578 1852 647 1939; x_wconf 74' lang='lat'>95),</span> <span class='ocrx_word' id='word_1_133' title='bbox 671 1849 764 1938; x_wconf 90' lang='lat' dir='ltr'><strong><em>quod,</em></strong></span> <span class='ocrx_word' id='word_1_134' title='bbox 787 1850 906 1916; x_wconf 82' lang='lat' dir='ltr'><strong><em>rosione</em></strong></span> <span class='ocrx_word' id='word_1_135' title='bbox 931 1851 1007 1916; x_wconf 80' lang='lat' dir='ltr'><strong><em>emi·</em></strong></span> 
     </span>
     <span class='ocr_line' id='line_1_20' title="bbox 93 1936 1005 2026; baseline 0.003 -25"><span class='ocrx_word' id='word_1_136' title='bbox 93 1936 187 2016; x_wconf 82' lang='lat' dir='ltr'><strong><em>sillae,</em></strong></span> <span class='ocrx_word' id='word_1_137' title='bbox 211 1939 297 2005; x_wconf 89' lang='lat' dir='ltr'><strong><em>Deus</em></strong></span> <span class='ocrx_word' id='word_1_138' title='bbox 320 1953 388 2005; x_wconf 81' lang='lat' dir='ltr'><strong><em>vota</em></strong></span> <span class='ocrx_word' id='word_1_139' title='bbox 412 1940 533 2026; x_wconf 82' lang='lat' dir='ltr'><strong><em>piorum</em></strong></span> <span class='ocrx_word' id='word_1_140' title='bbox 557 1940 690 2006; x_wconf 81' lang='lat' dir='ltr'><strong><em>exaudit.</em></strong></span> <span class='ocrx_word' id='word_1_141' title='bbox 720 1939 780 2022; x_wconf 86' lang='lat' dir='ltr'><strong><em>Qui</em></strong></span> <span class='ocrx_word' id='word_1_142' title='bbox 804 1939 895 2022; x_wconf 76' lang='lat' dir='ltr'><strong><em>igitur</em></strong></span> <span class='ocrx_word' id='word_1_143' title='bbox 915 1959 932 2004; x_wconf 80' lang='lat' dir='ltr'><strong>a</strong></span> <span class='ocrx_word' id='word_1_144' title='bbox 949 1939 1005 2004; x_wconf 88' lang='lat' dir='ltr'><strong><em>Dei</em></strong></span> 
     </span>
     <span class='ocr_line' id='line_1_21' title="bbox 94 2027 1006 2114; baseline 0.007 -26"><span class='ocrx_word' id='word_1_145' title='bbox 94 2028 223 2093; x_wconf 77' lang='lat' dir='ltr'><strong><em>amicitia</em></strong></span> <span class='ocrx_word' id='word_1_146' title='bbox 246 2029 378 2094; x_wconf 82' lang='lat' dir='ltr'><strong><em>declinat</em></strong></span> <span class='ocrx_word' id='word_1_147' title='bbox 407 2049 467 2093; x_wconf 91' lang='lat' dir='ltr'><strong><em>non</em></strong></span> <span class='ocrx_word' id='word_1_148' title='bbox 503 2043 549 2094; x_wconf 87' lang='lat' dir='ltr'><strong><em>est</em></strong></span> <span class='ocrx_word' id='word_1_149' title='bbox 580 2031 703 2114; x_wconf 76' lang='lat' dir='ltr'><strong><em>dignius</em></strong></span> <span class='ocrx_word' id='word_1_150' title='bbox 737 2042 771 2094; x_wconf 94' lang='lat' dir='ltr'><strong><em>ut</em></strong></span> <span class='ocrx_word' id='word_1_151' title='bbox 804 2027 871 2112; x_wconf 82' lang='lat' dir='ltr'><strong><em>ejus</em></strong></span> <span class='ocrx_word' id='word_1_152' title='bbox 909 2029 1006 2094; x_wconf 81' lang='lat' dir='ltr'><strong><em>oratio</em></strong></span> 
     </span>
     <span class='ocr_line' id='line_1_22' title="bbox 93 2117 1008 2204; baseline 0.004 -26"><span class='ocrx_word' id='word_1_153' title='bbox 93 2117 277 2184; x_wconf 81' lang='lat' dir='ltr'><strong><em>exaudiatur.</em></strong></span> <span class='ocrx_word' id='word_1_154' title='bbox 302 2119 378 2183; x_wconf 87' lang='lat' dir='ltr'><strong><em>Hine</em></strong></span> <span class='ocrx_word' id='word_1_155' title='bbox 404 2131 449 2182; x_wconf 89' lang='lat' dir='ltr'><strong><em>est</em></strong></span> <span class='ocrx_word' id='word_1_156' title='bbox 495 2118 578 2204; x_wconf 88' lang='lat' dir='ltr'><strong><em>quod</em></strong></span> <span class='ocrx_word' id='word_1_157' title='bbox 613 2119 732 2184; x_wconf 81' lang='lat' dir='ltr'><strong><em>dieitur:</em></strong></span> <span class='ocrx_word' id='word_1_158' title='bbox 766 2117 837 2196; x_wconf 81' lang='lat' dir='ltr'><strong><em>&#39;Qui</em></strong></span> <span class='ocrx_word' id='word_1_159' title='bbox 870 2117 1008 2182; x_wconf 81' lang='lat' dir='ltr'><strong><em>declinat</em></strong></span> 
     </span>
     <span class='ocr_line' id='line_1_23' title="bbox 92 2205 1006 2292; baseline 0.008 -28"><span class='ocrx_word' id='word_1_160' title='bbox 92 2223 194 2270; x_wconf 84' lang='lat' dir='ltr'><strong><em>eurem</em></strong></span> <span class='ocrx_word' id='word_1_161' title='bbox 218 2227 307 2271; x_wconf 85' lang='lat' dir='ltr'><strong><em>suom</em></strong></span> <span class='ocrx_word' id='word_1_162' title='bbox 330 2227 366 2271; x_wconf 87' lang='lat' dir='ltr'><strong><em>ne</em></strong></span> <span class='ocrx_word' id='word_1_163' title='bbox 389 2207 500 2272; x_wconf 85' lang='lat' dir='ltr'><strong><em>audiet</em></strong></span> <span class='ocrx_word' id='word_1_164' title='bbox 522 2209 626 2292; x_wconf 78' lang='lat' dir='ltr'><strong><em>lepem,</em></strong></span> <span class='ocrx_word' id='word_1_165' title='bbox 649 2209 749 2274; x_wconf 80' lang='lat' dir='ltr'><strong><em>orotio</em></strong></span> <span class='ocrx_word' id='word_1_166' title='bbox 773 2206 836 2289; x_wconf 72' lang='lat' dir='ltr'><strong><em>ejus</em></strong></span> <span class='ocrx_word' id='word_1_167' title='bbox 860 2205 919 2270; x_wconf 85' lang='lat' dir='ltr'><strong><em>erit</em></strong></span> <span class='ocrx_word' id='word_1_168' title='bbox 939 2225 1006 2271; x_wconf 82' lang='lat' dir='ltr'><strong><em>eue-</em></strong></span> 
     </span>
     <span class='ocr_line' id='line_1_24' title="bbox 93 2293 1005 2379; baseline 0.005 -24"><span class='ocrx_word' id='word_1_169' title='bbox 93 2293 226 2374; x_wconf 86' lang='lat' dir='ltr'><strong><em>eroln&#39;lis,</em></strong></span> <span class='ocrx_word' id='word_1_170' title='bbox 248 2295 393 2361; x_wconf 79' lang='lat' dir='ltr'><strong><em>Proverb.</em></strong></span> <span class='ocrx_word' id='word_1_171' title='bbox 417 2295 470 2372; x_wconf 71' lang='grc'><strong><em>18,</em></strong></span> <span class='ocrx_word' id='word_1_172' title='bbox 493 2296 524 2371; x_wconf 85' lang='grc'><strong><em>9;</em></strong></span> <span class='ocrx_word' id='word_1_173' title='bbox 547 2311 585 2361; x_wconf 90' lang='lat' dir='ltr'><strong><em>et:</em></strong></span> <span class='ocrx_word' id='word_1_174' title='bbox 612 2297 688 2360; x_wconf 89' lang='lat' dir='ltr'><strong><em>Cum</em></strong></span> <span class='ocrx_word' id='word_1_175' title='bbox 723 2295 1005 2379; x_wconf 72' lang='lat' dir='ltr'><strong><em>multiplicaveritis</em></strong></span> 
     </span>
     <span class='ocr_line' id='line_1_25' title="bbox 93 2383 1004 2455; baseline 0.008 -15"><span class='ocrx_word' id='word_1_176' title='bbox 93 2383 259 2448; x_wconf 85' lang='lat' dir='ltr'><strong><em>orationem</em></strong></span> <span class='ocrx_word' id='word_1_177' title='bbox 281 2405 342 2448; x_wconf 90' lang='lat' dir='ltr'><strong><em>non</em></strong></span> <span class='ocrx_word' id='word_1_178' title='bbox 364 2386 540 2455; x_wconf 79' lang='lat' dir='ltr'><strong><em>ennodium,</em></strong></span> <span class='ocrx_word' id='word_1_179' title='bbox 563 2405 673 2450; x_wconf 87' lang='lat' dir='ltr'><strong><em>monus</em></strong></span> <span class='ocrx_word' id='word_1_180' title='bbox 695 2386 775 2450; x_wconf 88' lang='lat' dir='ltr'><strong><em>enim</em></strong></span> <span class='ocrx_word' id='word_1_181' title='bbox 797 2395 918 2449; x_wconf 87' lang='lat' dir='ltr'><strong><em>oestroe</em></strong></span> <span class='ocrx_word' id='word_1_182' title='bbox 933 2403 1004 2448; x_wconf 88' lang='lat' dir='ltr'><strong><em>son·</em></strong></span> 
     </span>
     <span class='ocr_line' id='line_1_26' title="bbox 95 2471 636 2558; baseline 0.007 -25"><span class='ocrx_word' id='word_1_183' title='bbox 95 2471 179 2552; x_wconf 78' lang='lat' dir='ltr'><strong><em>puine</em></strong></span> <span class='ocrx_word' id='word_1_184' title='bbox 199 2474 312 2558; x_wconf 81' lang='lat' dir='ltr'><strong><em>plesse</em></strong></span> <span class='ocrx_word' id='word_1_185' title='bbox 334 2485 414 2548; x_wconf 86' lang='lat' dir='ltr'><strong><em>sunt,</em></strong></span> <span class='ocrx_word' id='word_1_186' title='bbox 438 2474 507 2539; x_wconf 83' lang='lat' dir='ltr'><strong><em>lsai.</em></strong></span> <span class='ocrx_word' id='word_1_187' title='bbox 532 2475 562 2548; x_wconf 88' lang='lat' dir='ltr'><strong><em>l,</em></strong></span> <span class='ocrx_word' id='word_1_188' title='bbox 587 2474 636 2538; x_wconf 77' lang='lat' dir='ltr'><strong><em>ts.</em></strong></span> 
     </span>
    </p>

    <p class='ocr_par' dir='ltr' id='par_1_4' title="bbox 94 2561 1060 3085">
     <span class='ocr_line' id='line_1_27' title="bbox 158 2561 1060 2650; baseline 0.001 -25"><span class='ocrx_word' id='word_1_189' title='bbox 158 2561 198 2626; x_wconf 84' lang='lat' dir='ltr'><strong><em>Ex</em></strong></span> <span class='ocrx_word' id='word_1_190' title='bbox 215 2561 273 2627; x_wconf 86' lang='lat' dir='ltr'><strong><em>hae</em></strong></span> <span class='ocrx_word' id='word_1_191' title='bbox 296 2575 398 2628; x_wconf 82' lang='lat' dir='ltr'><strong><em>sutem</em></strong></span> <span class='ocrx_word' id='word_1_192' title='bbox 422 2563 524 2628; x_wconf 82' lang='lat' dir='ltr'><strong><em>radice</em></strong></span> <span class='ocrx_word' id='word_1_193' title='bbox 547 2561 685 2650; x_wconf 82' lang='lat' dir='ltr'><strong><em>procedit</em></strong></span> <span class='ocrx_word' id='word_1_194' title='bbox 707 2561 790 2648; x_wconf 89' lang='lat' dir='ltr'><strong><em>quod</em></strong></span> <span class='ocrx_word' id='word_1_195' title='bbox 817 2561 1003 2647; x_wconf 84' lang='lat' dir='ltr'>quandoque</span> <span class='ocrx_word' id='word_1_196' title='bbox 1057 2637 1060 2642; x_wconf 27' lang='lat'>¹</span> 
     </span>
     <span class='ocr_line' id='line_1_28' title="bbox 96 2643 1003 2737; baseline 0.011 -31"><span class='ocrx_word' id='word_1_197' title='bbox 96 2643 200 2732; x_wconf 81' lang='lat' dir='ltr'><strong><em>aliquis</em></strong></span> <span class='ocrx_word' id='word_1_198' title='bbox 224 2650 281 2715; x_wconf 86' lang='lat' dir='ltr'><strong><em>Dei</em></strong></span> <span class='ocrx_word' id='word_1_199' title='bbox 303 2652 420 2717; x_wconf 83' lang='lat' dir='ltr'><strong><em>amiens</em></strong></span> <span class='ocrx_word' id='word_1_200' title='bbox 443 2673 505 2716; x_wconf 90' lang='lat' dir='ltr'><strong><em>non</em></strong></span> <span class='ocrx_word' id='word_1_201' title='bbox 529 2651 690 2717; x_wconf 83' lang='lat' dir='ltr'><strong><em>exauditur</em></strong></span> <span class='ocrx_word' id='word_1_202' title='bbox 711 2649 835 2737; x_wconf 84' lang='lat' dir='ltr'><strong><em>quando</em></strong></span> <span class='ocrx_word' id='word_1_203' title='bbox 863 2671 918 2736; x_wconf 86' lang='lat' dir='ltr'><strong><em>pro</em></strong></span> <span class='ocrx_word' id='word_1_204' title='bbox 955 2650 1003 2716; x_wconf 87' lang='lat' dir='ltr'><strong><em>his</em></strong></span> 
     </span>
     <span class='ocr_line' id='line_1_29' title="bbox 96 2725 1046 2822; baseline 0.005 -25"><span class='ocrx_word' id='word_1_205' title='bbox 96 2751 177 2818; x_wconf 76' lang='lat' dir='ltr'><strong><em>rogus</em></strong></span> <span class='ocrx_word' id='word_1_206' title='bbox 210 2740 262 2822; x_wconf 86' lang='lat' dir='ltr'><strong><em>qui</em></strong></span> <span class='ocrx_word' id='word_1_207' title='bbox 297 2761 358 2804; x_wconf 90' lang='lat' dir='ltr'><strong><em>non</em></strong></span> <span class='ocrx_word' id='word_1_208' title='bbox 381 2753 452 2805; x_wconf 86' lang='lat' dir='ltr'><strong><em>sunt</em></strong></span> <span class='ocrx_word' id='word_1_209' title='bbox 486 2741 542 2804; x_wconf 90' lang='lat' dir='ltr'><strong><em>Dei</em></strong></span> <span class='ocrx_word' id='word_1_210' title='bbox 580 2740 681 2817; x_wconf 83' lang='lat' dir='ltr'><strong><em>amici,</em></strong></span> <span class='ocrx_word' id='word_1_211' title='bbox 714 2738 885 2805; x_wconf 86' lang='lat' dir='ltr'><strong><em>seeundum</em></strong></span> <span class='ocrx_word' id='word_1_212' title='bbox 918 2725 1046 2804; x_wconf 74' lang='lat' dir='ltr'><strong><em>ittuu&#39;</em></strong></span> 
     </span>
     <span class='ocr_line' id='line_1_30' title="bbox 100 2821 1007 2913; baseline 0.004 -28"><span class='ocrx_word' id='word_1_213' title='bbox 100 2821 142 2886; x_wconf 81' lang='lat' dir='ltr'><strong><em>To</em></strong></span> <span class='ocrx_word' id='word_1_214' title='bbox 163 2847 234 2912; x_wconf 78' lang='lat' dir='ltr'><strong><em>erpo</em></strong></span> <span class='ocrx_word' id='word_1_215' title='bbox 255 2830 320 2892; x_wconf 86' lang='lat' dir='ltr'><strong><em>noli</em></strong></span> <span class='ocrx_word' id='word_1_216' title='bbox 341 2849 433 2893; x_wconf 83' lang='lat' dir='ltr'><strong><em>orme</em></strong></span> <span class='ocrx_word' id='word_1_217' title='bbox 451 2849 511 2912; x_wconf 82' lang='lat' dir='ltr'><strong><em>pro</em></strong></span> <span class='ocrx_word' id='word_1_218' title='bbox 531 2831 647 2913; x_wconf 88' lang='lat' dir='ltr'><strong><em>populo</em></strong></span> <span class='ocrx_word' id='word_1_219' title='bbox 670 2830 736 2904; x_wconf 86' lang='lat' dir='ltr'><strong><em>ltoe,</em></strong></span> <span class='ocrx_word' id='word_1_220' title='bbox 773 2847 828 2892; x_wconf 87' lang='lat' dir='ltr'><strong><em>nee</em></strong></span> <span class='ocrx_word' id='word_1_221' title='bbox 863 2845 1007 2891; x_wconf 86' lang='lat' dir='ltr'><strong><em>assumus</em></strong></span> 
     </span>
     <span class='ocr_line' id='line_1_31' title="bbox 94 2915 1008 2992; baseline 0.005 -18"><span class='ocrx_word' id='word_1_222' title='bbox 94 2928 150 2991; x_wconf 82' lang='lat' dir='ltr'><strong><em>pro</em></strong></span> <span class='ocrx_word' id='word_1_223' title='bbox 172 2918 216 2980; x_wconf 83' lang='lat' dir='ltr'><strong><em>eis</em></strong></span> <span class='ocrx_word' id='word_1_224' title='bbox 240 2917 364 2982; x_wconf 80' lang='lat' dir='ltr'><strong><em>laudem</em></strong></span> <span class='ocrx_word' id='word_1_225' title='bbox 387 2928 416 2981; x_wconf 90' lang='lat' dir='ltr'><strong><em>et</em></strong></span> <span class='ocrx_word' id='word_1_226' title='bbox 439 2919 621 2992; x_wconf 84' lang='lat' dir='ltr'><strong><em>orationem,</em></strong></span> <span class='ocrx_word' id='word_1_227' title='bbox 644 2929 674 2981; x_wconf 88' lang='lat' dir='ltr'><strong><em>et</em></strong></span> <span class='ocrx_word' id='word_1_228' title='bbox 694 2937 755 2982; x_wconf 92' lang='lat' dir='ltr'><strong><em>non</em></strong></span> <span class='ocrx_word' id='word_1_229' title='bbox 778 2915 910 2981; x_wconf 84' lang='lat' dir='ltr'><strong><em>obsistas</em></strong></span> <span class='ocrx_word' id='word_1_230' title='bbox 932 2915 1008 2981; x_wconf 79' lang='lat' dir='ltr'><strong><em>milti</em></strong></span> 
     </span>
     <span class='ocr_line' id='line_1_32' title="bbox 99 3003 773 3085; baseline 0.007 -21"><span class='ocrx_word' id='word_1_231' title='bbox 99 3003 250 3080; x_wconf 80' lang='lat' dir='ltr'><strong><em>quianon</em></strong></span> <span class='ocrx_word' id='word_1_232' title='bbox 273 3007 438 3071; x_wconf 78' lang='lat' dir='ltr'><strong><em>ennodium</em></strong></span> <span class='ocrx_word' id='word_1_233' title='bbox 463 3018 499 3084; x_wconf 86' lang='lat' dir='ltr'><strong><em>te,</em></strong></span> <span class='ocrx_word' id='word_1_234' title='bbox 521 3007 635 3071; x_wconf 81' lang='lat' dir='ltr'><strong><em>ierem.</em></strong></span> <span class='ocrx_word' id='word_1_235' title='bbox 659 3007 690 3085; x_wconf 91' lang='grc'><strong><em>7,</em></strong></span> <span class='ocrx_word' id='word_1_236' title='bbox 723 3005 773 3071; x_wconf 88' lang='grc'><strong><em>16.</em></strong></span> 
     </span>
    </p>

    <p class='ocr_par' dir='ltr' id='par_1_5' title="bbox 99 3090 1011 3633">
     <span class='ocr_line' id='line_1_33' title="bbox 159 3090 1008 3181; baseline 0.004 -26"><span class='ocrx_word' id='word_1_237' title='bbox 159 3090 312 3178; x_wconf 79' lang='lat' dir='ltr'><strong><em>Contingit</em></strong></span> <span class='ocrx_word' id='word_1_238' title='bbox 349 3109 452 3160; x_wconf 79' lang='lat' dir='ltr'><strong><em>autem</em></strong></span> <span class='ocrx_word' id='word_1_239' title='bbox 486 3095 671 3181; x_wconf 81' lang='lat' dir='ltr'><strong><em>quandoque</em></strong></span> <span class='ocrx_word' id='word_1_240' title='bbox 708 3094 790 3180; x_wconf 88' lang='lat' dir='ltr'><strong><em>quod</em></strong></span> <span class='ocrx_word' id='word_1_241' title='bbox 829 3091 937 3178; x_wconf 81' lang='lat' dir='ltr'><strong><em>aliquis</em></strong></span> <span class='ocrx_word' id='word_1_242' title='bbox 971 3111 1008 3158; x_wconf 86' lang='lat' dir='ltr'><strong><em>ex</em></strong></span> 
     </span>
     <span class='ocr_line' id='line_1_34' title="bbox 100 3177 1009 3271; baseline 0.009 -33"><span class='ocrx_word' id='word_1_243' title='bbox 100 3177 225 3246; x_wconf 73' lang='lat' dir='ltr'><strong><em>amiculo</em></strong></span> <span class='ocrx_word' id='word_1_244' title='bbox 248 3183 379 3268; x_wconf 77' lang='lat' dir='ltr'><strong><em>denegnt</em></strong></span> <span class='ocrx_word' id='word_1_245' title='bbox 401 3183 483 3269; x_wconf 90' lang='lat' dir='ltr'><strong><em>quod</em></strong></span> <span class='ocrx_word' id='word_1_246' title='bbox 508 3185 620 3271; x_wconf 85' lang='lat' dir='ltr'><strong><em>petitur</em></strong></span> <span class='ocrx_word' id='word_1_247' title='bbox 644 3185 682 3249; x_wconf 83' lang='lat' dir='ltr'><strong><em>ab</em></strong></span> <span class='ocrx_word' id='word_1_248' title='bbox 705 3185 816 3260; x_wconf 81' lang='lat' dir='ltr'><strong><em>emico,</em></strong></span> <span class='ocrx_word' id='word_1_249' title='bbox 850 3182 922 3268; x_wconf 81' lang='lat' dir='ltr'><strong><em>quis</em></strong></span> <span class='ocrx_word' id='word_1_250' title='bbox 956 3202 1009 3248; x_wconf 88' lang='lat' dir='ltr'><strong><em>so-</em></strong></span> 
     </span>
     <span class='ocr_line' id='line_1_35' title="bbox 99 3271 1007 3363; baseline 0.006 -33"><span class='ocrx_word' id='word_1_251' title='bbox 99 3271 212 3363; x_wconf 73' lang='lat' dir='ltr'><strong><em>gposoit</em></strong></span> <span class='ocrx_word' id='word_1_252' title='bbox 234 3272 294 3337; x_wconf 84' lang='lat' dir='ltr'><strong><em>hoe</em></strong></span> <span class='ocrx_word' id='word_1_253' title='bbox 316 3273 344 3336; x_wconf 90' lang='lat' dir='ltr'><strong><em>ei</em></strong></span> <span class='ocrx_word' id='word_1_254' title='bbox 368 3293 434 3337; x_wconf 89' lang='lat' dir='ltr'><strong><em>esse</em></strong></span> <span class='ocrx_word' id='word_1_255' title='bbox 457 3274 598 3337; x_wconf 80' lang='lat' dir='ltr'><strong><em>nocivum</em></strong></span> <span class='ocrx_word' id='word_1_256' title='bbox 623 3273 671 3338; x_wconf 85' lang='lat' dir='ltr'><strong><em>vel</em></strong></span> <span class='ocrx_word' id='word_1_257' title='bbox 695 3271 884 3338; x_wconf 79' lang='lat' dir='ltr'><strong><em>eontrarium</em></strong></span> <span class='ocrx_word' id='word_1_258' title='bbox 901 3271 928 3335; x_wconf 85' lang='lat' dir='ltr'><strong><em>ei</em></strong></span> <span class='ocrx_word' id='word_1_259' title='bbox 942 3291 1007 3336; x_wconf 86' lang='lat' dir='ltr'><strong><em>mn-</em></strong></span> 
     </span>
     <span class='ocr_line' id='line_1_36' title="bbox 101 3359 1011 3447; baseline 0.005 -25"><span class='ocrx_word' id='word_1_260' title='bbox 101 3367 144 3432; x_wconf 71' lang='lat' dir='ltr'><strong><em>ssls</em></strong></span> <span class='ocrx_word' id='word_1_261' title='bbox 165 3360 318 3446; x_wconf 84' lang='lat' dir='ltr'><strong><em>expedire,</em></strong></span> <span class='ocrx_word' id='word_1_262' title='bbox 342 3375 375 3425; x_wconf 94' lang='lat' dir='ltr'><strong><em>ut</em></strong></span> <span class='ocrx_word' id='word_1_263' title='bbox 397 3361 535 3426; x_wconf 86' lang='lat' dir='ltr'><strong><em>medicus</em></strong></span> <span class='ocrx_word' id='word_1_264' title='bbox 558 3361 725 3426; x_wconf 77' lang='lat' dir='ltr'><strong><em>infirmanti</em></strong></span> <span class='ocrx_word' id='word_1_265' title='bbox 749 3359 935 3447; x_wconf 82' lang='lat' dir='ltr'><strong><em>quandoque</em></strong></span> <span class='ocrx_word' id='word_1_266' title='bbox 958 3360 1011 3427; x_wconf 87' lang='lat' dir='ltr'><strong><em>de·</em></strong></span> 
     </span>
     <span class='ocr_line' id='line_1_37' title="bbox 104 3447 1008 3537; baseline 0.011 -28"><span class='ocrx_word' id='word_1_267' title='bbox 104 3457 190 3527; x_wconf 79' lang='lat' dir='ltr'><strong><em>negat</em></strong></span> <span class='ocrx_word' id='word_1_268' title='bbox 214 3449 296 3534; x_wconf 86' lang='lat' dir='ltr'><strong><em>quod</em></strong></span> <span class='ocrx_word' id='word_1_269' title='bbox 319 3451 404 3536; x_wconf 87' lang='lat' dir='ltr'><strong><em>petit,</em></strong></span> <span class='ocrx_word' id='word_1_270' title='bbox 426 3451 622 3516; x_wconf 80' lang='lat' dir='ltr'><strong><em>considemus</em></strong></span> <span class='ocrx_word' id='word_1_271' title='bbox 645 3451 727 3537; x_wconf 88' lang='lat' dir='ltr'><strong><em>quod</em></strong></span> <span class='ocrx_word' id='word_1_272' title='bbox 749 3471 813 3514; x_wconf 90' lang='lat' dir='ltr'><strong><em>non</em></strong></span> <span class='ocrx_word' id='word_1_273' title='bbox 837 3447 959 3536; x_wconf 79' lang='lat' dir='ltr'><strong><em>expedit</em></strong></span> <span class='ocrx_word' id='word_1_274' title='bbox 980 3455 1008 3519; x_wconf 88' lang='lat' dir='ltr'><strong><em>ei</em></strong></span> 
     </span>
     <span class='ocr_line' id='line_1_38' title="bbox 99 3526 1002 3633; baseline 0.01 -35"><span class='ocrx_word' id='word_1_275' title='bbox 99 3526 282 3633; x_wconf 66' lang='lat' dir='ltr'><strong><em>adsalutem</em></strong></span> <span class='ocrx_word' id='word_1_276' title='bbox 304 3539 441 3628; x_wconf 80' lang='lat' dir='ltr'><strong><em>eorporis</em></strong></span> <span class='ocrx_word' id='word_1_277' title='bbox 470 3541 730 3629; x_wconf 78' lang='lat' dir='ltr'><strong><em>consequendam.</em></strong></span> <span class='ocrx_word' id='word_1_278' title='bbox 764 3538 851 3606; x_wconf 84' lang='lat' dir='ltr'><strong><em>Unde</em></strong></span> <span class='ocrx_word' id='word_1_279' title='bbox 874 3557 945 3606; x_wconf 87' lang='lat' dir='ltr'><strong><em>oum</em></strong></span> <span class='ocrx_word' id='word_1_280' title='bbox 969 3562 1002 3607; x_wconf 86' lang='lat' dir='ltr'><strong><em>o·</em></strong></span> 
     </span>
    </p>
   </div>
   <div class='ocr_carea' id='block_1_2' title="bbox 0 0 1248 3978">
    <p class='ocr_par' dir='ltr' id='par_1_6' title="bbox 0 0 1248 3978">
     <span class='ocr_line' id='line_1_39' title="bbox 0 0 1248 3978; baseline 0 0"><span class='ocrx_word' id='word_1_281' title='bbox 0 0 1248 3978; x_wconf 95' lang='lat' dir='ltr'><strong><em> </em></strong></span> 
     </span>
    </p>
   </div>
  </div>
 </body>
</html>
