2514 3972
225 223 291 290 550
549 243 604 288 333.
629 221 669 288 ru.
693 243 757 290 333.
781 243 837 288 cvr.
886 258 888 266 ι

290 310 409 386 Adhuc,
433 310 609 378 Intellectus
645 313 724 379 bene
747 310 895 397 dispositi,
917 322 964 376 est
997 309 1151 377 reducere

223 399 399 466 homines
391 421 422 466 m
446 421 482 466 ca
506 423 586 488 quae
614 415 685 467 sunt
715 403 876 466 hominurn
900 401 1023 486 propria
1054 401 1152 476 bona,

224 489 432 592 quaequidem
456 508 526 556 sunt
550 492 630 556 bonu
654 492 790 556 rationis.
814 489 1004 554 Abducere
998 489 1091 574 igitur
1109 491 1150 557 ab

222 579 298 654 istis,
321 579 528 664 pertrahendo
552 581 590 644 ad
615 581 716 666 aliqua
752 580 878 644 minima
904 579 995 650 buna,
1030 593 1077 644 est
1100 580 1147 644 in

222 667 362 733 tellectus
386 668 565 733 indecenter
588 669 734 754 dispositi.
759 668 819 733 Per
846 665 1022 752 hujusmodi
1039 681 1148 734 autem

223 771 305 821 artes
320 776 382 822 non
407 757 618 843 adipiscuntur
642 760 783 822 bomines
805 756 945 860 aliquem
974 755 1148 842 proiectum

222 846 253 910 in
277 845 528 922 honorationis,
562 861 735 949 quaesunt
770 847 915 912 scientiae
949 860 979 910 ct
1008 847 1150 926 virtutes,

222 934 308 998 sed
301 955 332 998 33
356 935 540 1020 quibusdam
564 937 711 1013 minimis,
734 937 811 1002 sicut
834 936 865 998 in
881 935 1059 998 inventione
1084 934 1150 1002 lur-

222 1036 325 1088 torum
349 1038 379 1087 et
403 1024 433 1088 in
447 1024 694 1110 deprehensione
704 986 860 1090 latronum
872 1037 903 1088 et
918 1023 966 1086 his
981 1024 1149 1090 similibus.

222 1111 322 1178 Non
314 1113 407 1196 igitur
438 1113 626 1180 substantiae
650 1115 851 1180 intellectivae
875 1132 1005 1197 quarum
1030 1114 1148 1180 auxilio

222 1201 281 1267 hac
304 1213 385 1266 artes
416 1215 544 1270 utuntur
576 1217 648 1270 sunt
683 1204 762 1270 benc
785 1201 949 1290 dispositae
970 1202 1148 1270 secuudum

221 1290 377 1356 virtutem.

286 1379 435 1466 Amplius,
459 1379 491 1444 ln
524 1381 755 1466 operationibus
779 1379 1006 1464 praedictarum
1031 1382 1149 1448 artium

220 1467 322 1532 illusio
346 1469 499 1553 quaedem
523 1471 643 1536 videtur
665 1485 694 1537 et
711 1468 968 1546 irrationabilitas3
983 1471 1149 1556 requirunt

222 1557 306 1626 enim
330 1557 509 1642 hujusmodi
540 1575 619 1624 artes
654 1560 812 1624 bominem
848 1578 882 1622 re
917 1577 1049 1622 3333333
1080 1581 1145 1625 333

221 1659 425 1721 attrectatum,
449 1669 521 1712 curu
546 1663 646 1712 tamen
673 1649 856 1733 plerumque
880 1646 1087 1712 adhibeantur
1104 1649 1144 1712 ad

220 1734 340 1800 illicitos
364 1737 545 1801 concubitus
569 1737 785 1802 conciliandus.
800 1737 833 1800 ln
846 1750 1025 1822 operatione
1038 1750 1143 1802 autem

220 1823 392 1888 intellectus
416 1825 496 1889 bene
530 1823 668 1928 dispositi
701 1825 777 1889 nibil
812 1824 987 1890 irrationale
1021 1837 1052 1888 et
1085 1826 1145 1890 sibi

220 1911 377 1977 diversum
401 1927 535 2015 apparet.
560 1913 626 1978 Non
652 1915 742 1998 igitur
766 1912 942 1997 hujusmodi
959 1924 1146 1978 urtesutun·

219 2011 270 2066 tur
293 2002 461 2084 patrocinio
484 2002 659 2068 intellectus
682 2004 762 2068 bene
797 2002 935 2088 dispositi
969 2002 1146 2068 secundum

213 2088 375 2159 virtutem.

198 2171 200 2180 '
284 2177 459 2254 Praeterea,
483 2177 549 2244 Non
589 2193 635 2244 est
659 2180 738 2246 bene
761 2178 935 2266 dispositus,
968 2178 1145 2246 secundum

218 2266 417 2346 intellectum,
441 2269 492 2352 qui
518 2289 572 2354 per
596 2269 697 2354 aliqua
730 2269 847 2342 scelera
870 2268 1034 2332 3333333333
1070 2289 1144 2354 pro·

218 2369 345 2420 uocatur
368 2357 406 2422 ad
431 2358 577 2422 auxilium
602 2358 692 2422 alicui
728 2356 901 2422 ferendum.
936 2356 1001 2422 lloc
1035 2371 1145 2426 autem

217 2441 281 2508 lit
274 2463 306 2508 rn
330 2445 394 2510 istis
420 2447 547 2523 artibus3
572 2468 642 2512 nam
669 2447 793 2532 aliqui
787 2468 817 2510 tn
836 2446 1145 2514 executiouebarum

216 2531 362 2616 leguntur
397 2535 575 2602 innocentes
611 2557 724 2621 pueros
758 2534 915 2600 occidisse
945 2534 1011 2598 Non
1047 2536 1146 2620 igitur

217 2635 288 2686 sunt
312 2621 385 2688 boni
410 2623 580 2690 intellectus
605 2645 737 2710 quorum
762 2623 904 2688 auxilio
897 2637 951 2688 3333
974 2623 1060 2689 liunt.

283 2710 369 2814 ltem,
392 2711 514 2778 Runttm
548 2716 707 2800 proprium
743 2713 913 2778 intellectus
937 2725 982 2776 est
1016 2714 1143 2780 ueritas.

217 2797 325 2868 Cum
318 2802 411 2885 rgitur
445 2802 518 2868 boni
552 2805 591 2866 sit
626 2803 741 2868 bonum
777 2801 942 2879 adducere,
975 2800 1143 2886 cujuslibet

216 2889 389 2954 intellectus
412 2890 492 2956 bene
524 2890 661 2978 dispositi
694 2911 761 2956 esse
785 2892 904 2956 videtur
926 2889 1001 2956 alios
1024 2891 1145 2976 perdu-

215 2994 286 3048 3333
310 2977 349 3042 ad
381 2980 551 3046 ueritatem
586 2981 619 3044 ln
655 2982 799 3065 operibus
834 2996 937 3044 autem
972 3000 1140 3065 magorum

212 3067 398 3168 plerumque
423 3067 500 3134 fiunt
523 3069 636 3152 quibus
658 3069 854 3135 ludificentur
871 3068 1013 3134 homines
1036 3083 1066 3133 33
1082 3067 1140 3134 de-

214 3157 375 3242 cipiantur.
403 3157 576 3222 lntcllcctus
612 3159 703 3242 igitur
738 3159 826 3244 cujus
860 3158 973 3222 auxilio
1007 3171 1138 3224 utuntur

215 3265 276 3310 non
301 3259 347 3308 est
370 3245 449 3311 bene
473 3245 636 3331 dispositus
660 3248 829 3312 secundum
854 3267 985 3312 morem.

279 3333 397 3412 Adbuc,
421 3334 594 3400 intellectus
629 3335 709 3401 bene
733 3336 898 3422 dispositus
921 3336 1047 3401 veritate
1070 3335 1137 3400 alli-

212 3422 354 3498 3333333
378 3443 436 3508 qua
460 3424 640 3500 delectatur,
663 3446 725 3490 333
741 3424 1041 3492 autemmendaoiis.
1055 3424 1137 3509 Magi

213 3523 330 3586 autem,
353 3510 383 3573 in
407 3511 470 3574 suis
498 3512 754 3592 invocationibus,
787 3527 915 3579 utuntur
949 3513 1136 3597 quibusdam
