2514 3972
209 227 275 294 328
529 247 585 293 ιιι.
616 247 657 292 ιιι.
681 245 744 292 car.
769 245 815 292 cv.

206 319 238 383 in
264 315 408 404 potentia3
433 316 484 382 illa
508 337 583 400 ergo
606 329 723 381 tantum
749 312 956 380 determinant
972 313 1073 402 ipsum
1091 315 1134 382 ad

206 405 373 493 specialem
398 407 634 493 impressionem
658 404 884 490 suscipiendam
914 425 970 490 per
994 425 1075 489 quae
1099 405 1134 469 in

206 495 341 582 potentia
366 493 399 559 lit
421 493 684 581 quoddammodo.
709 494 768 560 Per
801 495 915 577 ligures
937 506 1041 558 autem
1065 514 1132 558 nou

203 585 380 669 disponitur
404 585 531 648 materia
556 597 589 647 ut
622 583 714 648 sitin
750 585 884 669 potentia
919 582 958 648 ad
993 582 1129 668 aliquam

204 672 350 751 sormam,
372 673 443 758 quia
468 673 565 757 ligura
598 672 746 738 abstrahit
770 672 942 737 secundum
967 693 1055 736 suam
1081 691 1132 736 ra-

205 764 321 828 tionem
346 761 386 826 ab
409 763 494 826 omrai
519 761 646 825 materia
672 773 702 826 et
735 760 836 825 forma
874 759 1022 838 sensibili,
1056 781 1131 826 oum

204 853 243 917 sit
265 849 420 935 quoddam
445 851 707 915 mathematicum.
727 849 794 922 Non
818 870 894 934 ergo
919 869 972 936 per
1012 848 1130 933 figuras

205 953 236 1006 et
258 941 452 1005 characteres
486 938 708 1004 determinatur
731 939 854 1024 aliquod
879 960 993 1025 corpus
1015 940 1055 1004 ad
1079 959 1131 1002 su-

206 1027 396 1118 scipiendam
422 1028 556 1112 aliquam
580 1028 773 1094 influentiam
808 1028 947 1092 caelestis
979 1028 1132 1114 corporis.

272 1118 449 1192 Praeterea,
472 1117 603 1201 Figurae
630 1117 750 1202 aliquae
784 1117 1025 1202 appropriantur
1059 1137 1132 1182 eor-

205 1207 332 1294 poribus
355 1205 538 1272 caelestibus
563 1221 595 1270 ut
617 1205 741 1270 ellectus
758 1206 905 1291 ipsarum
921 1227 993 1271 nam
1011 1206 1133 1288 figurae

205 1296 387 1361 inferiorum
403 1308 567 1360 causantur
585 1315 601 1358 a
618 1295 801 1380 corporibus
817 1296 1010 1360 caelestibus,
1035 1295 1133 1360 Prae-

205 1385 304 1452 dictae
328 1397 431 1449 autern
456 1398 536 1448 artes
561 1404 622 1448 non
648 1397 775 1448 utuntur
810 1385 1040 1449 characteribus
1076 1399 1133 1449 aut

204 1473 312 1561 figuris
335 1473 423 1560 quasi
455 1472 613 1538 effectibus
647 1472 825 1536 caelestium
861 1493 1039 1559 corporum,
1073 1473 1133 1538 sed

202 1577 276 1630 sunt
299 1563 425 1628 effectus
447 1562 580 1626 hominis
617 1562 772 1647 operantis
796 1581 851 1647 per
875 1577 983 1628 artem.
1009 1564 1130 1648 tlppro·

205 1653 315 1740 priatio
339 1652 432 1736 igitur
455 1651 625 1734 figurarum
651 1651 690 1713 ad
714 1650 814 1736 aliqua
838 1651 980 1716 caelestia
997 1671 1131 1738 corpora

203 1743 281 1808 nibil
305 1741 343 1805 ad
368 1744 559 1826 propositum
584 1738 685 1803 lacere
708 1740 837 1803 videtur.

271 1831 359 1908 ltem‚
382 1829 441 1893 Per
464 1827 579 1912 figuras
602 1849 664 1893 non
688 1827 861 1913 disponitur
877 1828 978 1914 aliqua
997 1827 1129 1893 materia

204 1918 353 1985 naturalis
384 1917 421 1982 ad
456 1916 601 1996 sormam,
635 1930 668 1980 ut
702 1931 860 1982 ostensum
897 1934 952 1982 cst.
987 1917 1128 2003 Corpora

205 2009 297 2094 igitur
320 2008 350 2071 in
375 2005 487 2092 quibus
521 2019 592 2071 suut
603 2005 783 2102 impressae
807 2006 984 2090 hujusmodi
1008 2007 1130 2091 figurae

203 2110 277 2162 sunt
300 2095 439 2182 ejusdem
465 2095 628 2159 habilitatis
652 2093 690 2158 ad
704 2095 915 2180 recipiendum
932 2095 1130 2160 influentiam

203 2186 369 2252 caelestem
405 2205 476 2250 oum
502 2183 567 2248 aliis
605 2184 787 2268 corporibus
826 2184 965 2269 ejusdem
1003 2183 1132 2272 speciei.

203 2275 295 2356 Quod
320 2289 424 2340 autem
454 2273 569 2358 aliquid
605 2285 675 2356 agat
698 2273 729 2336 in
768 2293 864 2344 unum
901 2294 1009 2338 eorum
1046 2292 1129 2361 quae

202 2379 274 2430 sunt
297 2363 465 2450 aequaliter
488 2363 645 2447 disposita,
669 2375 795 2447 propter
829 2362 943 2446 aliquid
978 2363 1036 2428 sibi
1073 2382 1130 2448 up·

203 2454 395 2540 propriatum
421 2451 462 2516 ibi
487 2453 657 2530 inuentum,
681 2465 710 2514 et
735 2470 796 2514 non
821 2452 851 2514 in
876 2450 970 2530 aliud,
995 2472 1056 2517 non
1081 2463 1132 2516 est

203 2541 359 2630 operantis
383 2560 437 2625 per
460 2540 676 2605 necessitatem
713 2555 849 2620 naturae,
884 2541 938 2605 sed
973 2561 1028 2627 per
1062 2539 1128 2606 cle-

202 2633 346 2697 ctionem.
371 2630 458 2694 Patet
481 2649 555 2712 ergo
578 2629 661 2714 quod
693 2626 869 2711 hujusmodi
894 2644 985 2708 artes,
1018 2629 1130 2712 figuris

202 2734 322 2786 utentes
345 2719 383 2784 ad
408 2719 534 2784 effectus
550 2718 668 2803 aliquos
686 2717 910 2801 producendos,
930 2739 992 2782 nou
1010 2719 1130 2783 habent

202 2809 369 2875 efficaciam
394 2809 433 2873 ab
457 2808 560 2891 aliquo
582 2821 693 2890 agente
728 2826 783 2890 pcr
817 2822 970 2882 naturam,
1006 2807 1061 2872 sed
1085 2808 1128 2872 ab

202 2899 303 2985 aliqua
327 2895 525 2962 intellectuali
548 2895 716 2961 substantia
734 2915 789 2980 per
803 2895 991 2962 intellectum
1004 2909 1128 2980 agente.

200 2988 266 3054 lloc
289 2987 381 3052 etiam
406 2986 596 3051 demonstrat
619 2999 647 3048 et
661 2986 762 3070 ipsum
780 3004 895 3050 nomen
914 2985 996 3071 quod
1014 2986 1129 3052 talibus

200 3077 308 3162 figuris
331 3073 505 3162 imponunt,
539 3075 733 3138 characteres
756 3095 809 3138 eos
833 3075 982 3150 dicentes3
1014 3075 1122 3140 chara-

200 3179 266 3230 cter
289 3165 371 3230 enim
396 3165 519 3249 signum
558 3176 613 3241 ost,
637 3163 751 3247 inquo
775 3161 865 3226 datur
889 3164 1016 3248 intelligi
1040 3163 1125 3248 quod

200 3255 307 3340 liguris
331 3252 509 3336 hujusmodi
536 3271 597 3315 non
626 3264 754 3316 utuntur
784 3253 842 3317 nisi
866 3266 899 3317 ut
921 3253 1016 3338 signis
1040 3253 1129 3334 exhi<

202 3345 273 3410 bitis
297 3343 387 3408 alicui
411 3340 607 3406 intellectuali
631 3354 769 3406 naturae.

269 3432 348 3512 Quia
373 3451 447 3495 vero
481 3431 599 3512 figurae
623 3429 653 3492 in
688 3429 896 3496 artificialibus
931 3442 1003 3494 sunt
1036 3431 1126 3516 quasi

201 3519 321 3584 formae
345 3518 516 3604 specificae,
550 3529 648 3603 potest
671 3517 781 3604 aliquis
815 3519 917 3600 dicere
941 3517 1024 3606 quod
1048 3517 1129 3602 nihil
