2516 3968
202 225 268 291 tat
440 242 496 290 tra.
521 245 562 291 ur.
586 247 649 291 car.
675 246 769 292 ccvrn.
799 247 834 290 ar
858 245 932 292 cttt.

201 315 313 402 cipitur
336 310 420 399 quod
445 333 526 378 unus
550 335 606 401 pro
630 315 691 382 alio
715 314 891 382 satisfacere
919 327 1030 402 potest,
1046 312 1136 380 dum·
1244 301 1246 314 ’

201 402 298 470 niodo
322 417 453 488 uterquc
476 403 508 468 in
533 403 682 470 charitate
717 403 820 470 inerit.
855 404 932 470 Hinc
970 419 1016 469 est
1051 403 1137 491 quod

204 491 370 580 Apostolus
394 490 477 554 dicit:
501 491 590 556 Alter
613 493 748 560 atterius
771 514 868 558 onera
890 505 1026 578 portate,
1048 494 1138 560 etsie

202 579 414 688 odimpieititis
436 580 533 665 tepem
558 581 685 660 Christi,
707 581 817 662 Galat,
840 584 871 662 6,
910 583 943 648 2.

525 701 700 768 CAPUT
740 703 842 770 cttx.

251 807 340 890 Quod
362 805 595 874 rationabiliter
618 804 737 873 homini
748 810 922 894 imputatur
938 809 966 873 si
981 807 1025 873 od
1042 807 1140 872 Deum

293 916 355 961 non
377 909 590 978 contentetur,
606 899 748 984 qrromoia
771 899 827 963 itoc
850 899 916 964 rinc
949 897 1056 984 pretio
1080 918 1139 962 non
1246 897 1247 908 ’

289 985 400 1071 possit.

272 1106 350 1174 Cunt
375 1121 491 1186 autern,
514 1108 593 1174 sicut
617 1129 655 1173 ex
679 1108 856 1195 praemissis
880 1107 1023 1182 habetur,
1046 1107 1079 1172 in
1104 1106 1137 1174 d-

204 1218 278 1264 nem
304 1195 447 1262 utrimen}
472 1197 582 1284 aliquis
606 1197 696 1283 dirigi
723 1219 785 1262 non
810 1198 905 1285 possit
942 1197 1000 1262 nisi
1024 1195 1136 1262 auxilio

206 1287 328 1352 divinae
351 1286 479 1370 gratiae,
501 1288 568 1352 sine
592 1306 653 1372 qna
675 1288 771 1352 etiam
785 1287 887 1353 nullus
900 1300 1000 1372 potest
1023 1286 1138 1350 habere

206 1395 346 1462 eaquae
371 1387 443 1440 sunt
467 1376 640 1440 necessaria
664 1375 910 1440 adtendendum
934 1380 964 1439 in
993 1374 1137 1438 ultimum

207 1467 315 1540 linem,
338 1462 417 1530 siout
430 1478 476 1528 est
493 1463 589 1544 tides,
612 1483 693 1550 spes,
710 1464 835 1530 dilectio
857 1479 887 1530 et
900 1463 1140 1550 perseverantia,

208 1566 309 1640 potest
331 1553 422 1618 alicui
447 1552 543 1618 videri
560 1553 643 1640 quod
663 1573 724 1618 non
737 1554 777 1620 sit
789 1553 908 1620 homini
923 1551 1138 1638 imputandum

209 1645 235 1708 si
260 1641 422 1729 praedictis
435 1655 549 1718 careat,
572 1643 737 1729 praecipue
760 1663 832 1708 cum
848 1641 996 1707 auxilium
1017 1641 1139 1706 divinae

209 1732 328 1815 gratiae
353 1732 465 1796 mereri
489 1751 552 1796 non
576 1733 674 1818 possit
710 1751 767 1798 neo
791 1730 829 1796 ad
864 1731 967 1796 Deum
1001 1729 1139 1794 converti

209 1820 269 1886 nisi
293 1819 378 1884 Dens
402 1839 475 1886 enm
497 1835 667 1898 contectae
687 1819 762 1886 nulli
776 1821 860 1886 eninr
874 1818 1138 1906 imputaturquod

210 1909 250 1974 ab
276 1907 335 1972 alio
359 1909 525 1996 dependet.

278 1996 370 2078 Quod
394 2017 418 2062 st
444 1998 503 2062 hoc
535 1997 733 2076 concedatur,
769 1997 857 2084 pluro
892 1987 1138 2062 inconvenientia
1248 1988 1249 1994 '

210 2085 360 2172 consequi
384 2085 583 2152 manifestum
608 2101 663 2154 est.
687 2087 844 2173 Sequetur
867 2087 951 2151 enim
975 2085 1062 2171 quod
1087 2083 1138 2150 itte

211 2177 263 2260 qui
288 2174 385 2242 fidem
412 2195 475 2240 oon
500 2175 604 2253 habet,
626 2197 685 2242 ncc
708 2195 807 2262 spent,
846 2195 904 2240 nec
941 2174 1138 2240 dilectionem

210 2263 280 2342 Dei,
304 2283 362 2329 uec
390 2266 653 2347 perseverantiam
677 2266 708 2328 iu
732 2266 826 2342 botro,
860 2285 923 2328 non
962 2264 1001 2328 sit
1039 2283 1139 2348 poena

212 2353 340 2436 dignus,
362 2373 433 2418 curn
458 2373 603 2440 expresse
626 2353 756 2418 dicotur:
788 2353 849 2433 Qui
882 2353 1061 2417 increduius
1093 2361 1140 2416 est

207 2441 290 2506 Fitt'o
312 2443 505 2508 conoideiit
527 2443 634 2522 vitum,
649 2443 705 2506 sed
726 2442 778 2506 iro
812 2441 870 2506 Dei
904 2451 1010 2508 cunct
1045 2459 1140 2522 super·

209 2549 289 2604 cunr,
314 2531 414 2609 ioco„
437 2532 470 2610 5,
490 2531 542 2596 56.
568 2531 602 2596 Et
638 2551 709 2598 cum
733 2530 837 2596 nullus
861 2529 900 2596 ad
940 2529 1140 2596 beatitudiuis

209 2619 305 2684 tinem
344 2619 412 2686 sine
437 2620 612 2706 praemissis
641 2621 814 2708 perveniat,
840 2632 987 2706 sequetur
1011 2617 1140 2683 ulterius

209 2707 294 2793 quod
319 2700 413 2794 aliqui
454 2709 596 2778 homines
630 2711 690 2776 sint
729 2709 781 2794 qui
817 2729 875 2774 nec
914 2707 1139 2784 beatitudinem

209 2811 442 2884 cortsequantur
466 2818 524 2864 nec
548 2818 681 2884 poenam
704 2798 901 2884 patiantura
937 2796 1016 2875 Deo;
1051 2795 1139 2881 cujus

210 2887 400 2951 eontrarium
424 2886 596 2954 ostenditur
619 2908 656 2954 et
679 2905 717 2950 eo
741 2885 824 2971 qnod
849 2885 960 2950 dicitur
973 2884 1058 2972 quod
1073 2905 1141 2948 om·

210 2975 303 3040 nibus
326 2975 357 3042 iu
381 2974 485 3042 divino
505 2975 623 3062 judicio
640 2975 840 3041 existentibus
853 2973 973 3040 dicitur:
995 2973 1140 3051 Venite...

205 3063 363 3148 possidete
383 3076 532 3148 porotum
554 3065 641 3130 uobis
663 3083 835 3149 requuru...‚
872 3064 919 3128 cci
957 3063 1139 3128 discedite...

210 3154 245 3217 r'n
269 3153 372 3238 ipuem
393 3165 563 3230 oeternum,
590 3153 707 3230 Matris..
729 3153 784 3231 25,
806 3152 849 3218 et
872 3165 903 3218 et
926 3150 981 3217 di.

276 3241 320 3306 Ad
345 3240 438 3328 hujus
451 3241 651 3310 dubitationis
667 3241 857 3308 solutionem
874 3239 1138 3306 considerandum

210 3342 257 3394 est
279 3330 375 3416 quod,
397 3330 467 3398 licet
491 3332 601 3418 aliquis
637 3351 693 3418 per
731 3343 851 3396 rnatum
890 3329 979 3396 liberi
1018 3329 1140 3396 arbitrii

207 3418 344 3484 divinam
367 3421 496 3504 gratiana
521 3442 578 3486 nec
601 3420 771 3507 promereri
796 3439 852 3486 nce
875 3420 1036 3505 acquirere
1073 3437 1141 3505 pos·

209 3509 258 3580 sit,
274 3522 374 3592 potest
397 3521 500 3574 taraco
524 3511 660 3596 seipsum
684 3508 836 3596 impedire
868 3527 908 3574 ne
944 3528 1015 3574 eam
1060 3505 1140 3584 reci:
