2516 3968
224 237 289 305 t58
507 259 563 305 nra.
588 261 627 306 nt.
652 259 715 306 car.
739 259 835 307 crntn.

221 347 301 416 quac
324 339 394 394 sunt
417 327 455 394 ad
480 329 585 396 llnom.
608 330 702 416 lgitur
723 331 751 396 ei
776 332 827 418 qui
844 345 948 418 peccat
964 331 1138 408 mortaliter

218 419 297 484 haec
319 437 418 505 poena
441 417 570 485 debetur
593 433 625 484 ut
648 419 775 486 omnino
808 419 986 487 excludatur
1008 443 1025 488 a
1060 442 1135 487 con-

217 507 376 574 secutione
398 506 477 584 linis;
500 508 528 573 ei
551 517 654 573 autem
678 507 730 594 qui
753 521 860 596 peccat
880 509 1135 596 venialiterquod

218 593 427 661 difficultatem
450 597 583 684 aliquam
608 597 740 684 patiatur
764 611 929 685 antequam
964 599 1003 665 ad
1037 598 1134 664 linem

215 684 385 774 perveniat.

283 775 432 862 Amplius,
455 773 532 840 Cum
545 773 653 860 aliquis
665 775 862 860 consequitur
873 775 997 862 aliquod
1014 775 1133 842 bonum

216 863 300 948 quod
324 884 386 928 non
409 862 598 940 intendebat,
632 877 677 928 est
707 884 724 928 a
759 862 880 929 fortuna
918 877 948 930 ει
982 885 1065 930 casu.
1101 863 1133 928 Si

216 953 309 1034 igitur
331 951 383 1017 ille
404 951 491 1037 cujus
514 952 643 1018 intentio
665 966 710 1016 est
733 971 837 1018 aversa
876 974 893 1018 a
928 953 990 1019 line
1024 953 1134 1022 ultimo

216 1041 312 1106 finem
348 1039 490 1106 ultimum
528 1054 719 1128 assequatur,
742 1043 799 1106 erit
822 1043 881 1107 boc
904 1041 1067 1108 alortuna
1102 1055 1133 1106 ει

214 1147 298 1194 casu.
322 1129 386 1194 lloc
419 1143 521 1195 autent
557 1130 776 1196 inconveniens
809 1144 870 1210 cst„
898 1131 970 1216 quia
1003 1131 1131 1196 ultimus

214 1217 284 1284 finis
307 1232 354 1283 εει
376 1218 492 1284 bonum
517 1219 698 1296 intellectum
711 1217 831 1284 fortuna
848 1233 950 1284 autent
962 1219 1131 1284 intellectui

211 1319 374 1393 repugnat,
397 1307 468 1393 quia
492 1305 615 1372 fortuita
639 1308 756 1393 absque
784 1308 977 1374 ordinatione
1013 1307 1134 1373 intelle·

210 1409 276 1460 ctus
300 1397 494 1481 proveniunt3
518 1397 737 1462 inconveniens
761 1411 864 1462 autem
901 1410 947 1462 εει
980 1396 1063 1483 quod
1088 1398 1135 1462 in·

210 1483 348 1549 tellectus
371 1505 465 1549 suum
485 1484 579 1551 finem
612 1499 818 1570 consequatur
855 1505 916 1550 non
954 1505 1009 1572 per
1043 1485 1128 1551 viam

210 1572 445 1657 intelligibilem.
469 1573 535 1639 Non
559 1593 634 1659 ergo
657 1587 863 1660 consequetur
875 1574 969 1640 linctu
981 1573 1127 1640 ultimum

210 1661 263 1748 qui
285 1681 415 1747 peccans
438 1662 608 1728 mortaliter
631 1661 723 1728 habet
745 1663 946 1728 intentionem
985 1683 1127 1728 aversam

209 1749 475 1818 awmwm

276 1839 362 1918 ltcm,
384 1839 507 1904 Materia
520 1860 582 1905 non
594 1841 793 1926 consequitur
804 1839 935 1906 lormam
952 1838 991 1905 ab
1002 1853 1125 1924 agente,
1241 1895 1242 1926 q

209 1927 267 1992 nisi
290 1925 382 1992 luerit
404 1928 443 1992 ad
466 1927 598 1994 sormam
621 1929 765 2015 disposita
789 1929 1015 1994 convenienter.
1042 1927 1126 1994 Finis
1241 1937 1242 1952 ¹

208 2029 323 2080 autamv
335 2030 366 2080 et
388 2015 505 2081 bonum
521 2031 567 2082 est
584 2017 729 2104 perfectio
746 2018 921 2095 voluntatis,
936 2019 1013 2084 siout
1024 2017 1124 2082 forma

208 2105 365 2169 materiae.
390 2104 535 2172 Voluntas
558 2106 652 2189 igitur
674 2127 736 2172 non
760 2121 965 2192 consequetur
981 2107 1124 2172 ultimum

207 2194 313 2273 linem,
336 2193 393 2259 nisi
416 2193 506 2259 luerit
529 2194 674 2282 disposita
697 2196 925 2261 convenienter.
944 2195 1124 2282 Disponitur

206 2297 309 2348 autern
333 2283 372 2348 ad
396 2283 489 2349 linem
514 2284 655 2349 voluntas
678 2305 733 2371 per
756 2285 957 2350 intentionem
992 2298 1022 2349 et
1045 2283 1123 2348 desi·

204 2371 325 2436 derium
348 2373 425 2437 linis.
450 2372 516 2437 Non
542 2373 633 2458 igitur
666 2387 872 2460 consequetur
908 2373 1003 2439 finem
1039 2371 1122 2459 (ille)

203 2459 292 2544 cujus
315 2461 481 2525 intention
504 2460 567 2526 fine
590 2463 744 2526 avertitur.

270 2547 443 2621 Praeterea,
467 2549 500 2614 ln
524 2550 571 2614 lris
594 2563 765 2636 quaesunt
789 2549 928 2616 ordinata
951 2549 990 2614 ad
1013 2549 1119 2627 linem,

202 2636 272 2702 talis
296 2637 444 2703 habitudo
465 2639 618 2704 inuenitur
641 2639 734 2725 quod,
756 2640 781 2704 si
805 2638 873 2704 finis
895 2653 941 2705 εει
975 2639 1022 2704 vel
1045 2639 1114 2715 erit,

202 2745 330 2792 necesse
354 2741 399 2792 est
412 2747 448 2791 ea
461 2747 539 2809 quae
563 2741 635 2792 sunt
657 2727 696 2792 ad
720 2728 814 2794 linem
830 2726 1056 2804 lore3siautom
1081 2745 1118 2792 ea

203 2834 283 2900 quae
306 2815 438 2880 suntad
461 2814 554 2880 finem
578 2837 639 2882 non
663 2830 744 2894 sunt,
780 2836 838 2881 nec
877 2816 946 2881 linis
985 2816 1053 2892 erit;
1091 2816 1117 2880 si

201 2904 378 2970 enim·linis
400 2925 468 2970 esse
491 2918 599 2990 potest,
622 2905 714 2970 etiam
737 2925 800 2970 non
834 2904 1033 2970 existentibus
1057 2903 1118 2969 illis

201 3013 281 3078 quae
303 3008 375 3058 sunt
397 2994 435 3057 ad
460 2993 565 3072 finem,
587 2992 697 3059 frustra
721 3015 776 3081 per
813 2993 990 3078 hujusmodi
1014 2991 1118 3058 media

199 3083 357 3167 quaeritur
378 3081 456 3148 linis.
480 3080 645 3148 Ostensum
670 3099 714 3148 est
751 3096 855 3147 autem
889 3082 971 3167 apud
1007 3101 1118 3146 ornnes

196 3169 280 3256 quod
306 3170 400 3236 homo
425 3191 480 3257 per
502 3191 595 3258 opera
620 3173 766 3236 virtutum
789 3171 821 3235 in
851 3171 962 3256 quibus
1000 3170 1116 3257 praeci·

194 3279 291 3344 puum
316 3271 362 3324 est
385 3259 513 3325 intentio
539 3260 623 3326 lluis-
647 3259 752 3335 debiti,
790 3259 988 3345 consequitur
1023 3278 1115 3323 sunm

195 3347 336 3412 ultimum
361 3348 466 3426 linem,
488 3349 541 3434 qui
573 3361 619 3413 est
653 3348 790 3414 lelicitas.
824 3347 856 3412 Si
894 3369 969 3432 ergo
1002 3346 1114 3432 aliquis

194 3451 299 3500 contra
323 3437 465 3502 virtutem
489 3451 568 3521 agat,
592 3437 631 3502 ab
657 3438 826 3502 intentione
861 3436 959 3501 ultimi
984 3437 1054 3500 finis
1076 3457 1111 3502 a·

195 3542 313 3599 versus,
333 3527 517 3590 conueniens
540 3539 584 3590 est
607 3527 690 3612 quod
714 3526 821 3591 ultimo
836 3525 898 3591 line
920 3525 1057 3612 privetur
