2452 3970
426 273 481 320 tm.
506 275 634 321 uramus
658 275 695 320 nt.
953 259 1016 324 tlt

109 363 212 411 verum
235 354 380 430 sequatur
401 343 441 408 ad
464 363 541 422 esse,
563 345 638 410 ittuu
674 356 792 410 tantum
825 366 881 412 sua
905 349 1017 414 veritas

108 433 255 520 estquod
278 446 324 497 est
346 454 436 498 suurn
461 453 537 510 cssc;
560 433 644 518 quod
678 447 724 498 est
762 436 921 522 proprium
959 437 1017 502 soli

107 524 170 588 Deo
195 535 228 588 ut
251 535 408 586 ostensum
431 535 476 586 est
499 522 542 608 (l.
567 524 598 601 l,
620 543 646 588 e.
673 517 747 602 lb).
773 524 836 590 Atia
863 525 956 608 igitur
970 527 1016 590 in·

107 611 273 698 telligibilia
295 611 491 676 subsistentia
515 632 576 674 nou
600 625 671 676 suut
694 627 727 677 ut
762 633 837 698 pura
861 612 960 678 forma
985 617 1016 680 iu
1106 633 1112 648 ·

103 721 217 785 genere
232 699 481 783 intelligibilium,
497 699 551 764 sed
565 713 597 764 ut
614 699 745 766 sormam
759 703 789 766 iu
804 700 942 786 subjecto
959 703 1015 768 ali-

102 811 162 875 quo
178 790 337 864 habentem
352 803 397 852 est
409 789 492 854 enirn
509 789 753 878 unumquodque
769 809 879 856 eorum
897 810 1016 870 verum,

102 900 162 944 nort
188 879 308 955 veritas,
331 878 409 942 sicut
430 891 460 942 ει
477 891 522 941 εει
534 897 599 957 ειιε,
623 899 685 944 non
702 886 805 944 autem
819 880 923 966 ipsum
937 900 1014 946 esec.

102 967 295 1032 llanilestum
318 981 364 1030 εει
388 966 480 1051 igitur
502 967 586 1053 quod
620 971 750 1032 essentia
774 969 875 1034 divina
915 983 1015 1055 potest

100 1056 272 1144 comparari
295 1054 334 1119 ad
357 1055 544 1120 intellectum
568 1071 704 1122 creatum
729 1070 761 1121 ut
784 1057 901 1142 species
924 1059 1014 1124 intel·

101 1145 222 1230 ligibilis
245 1165 305 1230 qua
328 1144 479 1227 intelligis
501 1145 585 1231 quod
624 1167 686 1210 non
724 1147 872 1232 contingit
895 1146 934 1212 de
968 1169 1016 1212 es·

100 1237 195 1300 sentia
221 1233 348 1317 alicujus
371 1233 496 1298 alterius
519 1235 707 1300 substantiae
740 1249 910 1321 separatae.
949 1236 1013 1304 Nee

101 1337 203 1389 tamen
229 1335 417 1409 potestesse
440 1321 538 1386 forme
562 1323 685 1388 alterius
709 1323 752 1387 rei
764 1324 934 1388 secuudum
947 1346 1016 1391 esse

101 1412 249 1489 naturalc3
271 1425 453 1496 sequeretur
475 1412 558 1476 cuim
581 1412 664 1496 quod
687 1411 779 1477 simul
817 1433 888 1477 cum
912 1413 1015 1500 aliquo

101 1502 182 1566 uuita
206 1501 406 1566 constitueret
429 1519 522 1565 uuam
547 1515 699 1577 naturem;
738 1499 822 1586 quod
849 1522 916 1567 csse
951 1524 1015 1568 nou

100 1604 207 1676 potest,
232 1609 302 1654 curu
326 1595 458 1653 essentia
481 1588 581 1652 divina
605 1588 683 1653 inse
707 1589 839 1676 perlecta
863 1592 902 1654 sit
924 1591 1015 1656 insui

100 1695 218 1755 nature3
242 1681 359 1760 speeies
375 1693 478 1742 autem
502 1677 699 1761 intelligibilis
740 1678 823 1742 turrita
847 1678 1015 1744 intellectui

99 1788 158 1832 non
183 1769 339 1834 constituit
362 1767 496 1853 aliquam
520 1779 671 1844 naturam,
694 1767 748 1830 sed
773 1765 891 1853 perficit
914 1768 1015 1854 ipsum

99 1857 134 1921 ad
160 1855 403 1939 intelligendum:
428 1854 510 1941 quod
536 1854 714 1942 perfectioni
727 1856 848 1921 divinae
862 1857 1014 1922 essentiae

99 1965 158 2011 uon
181 1958 342 2032 repugnat.
927 1991 929 1997 ι

162 2036 246 2100 Ηεεε
270 2035 360 2117 igitur
385 2033 459 2100 visio
486 2033 662 2099 immediata
697 2033 754 2098 Dei
789 2035 1012 2120 repromittitur

100 2124 185 2191 nobis
209 2125 239 2188 in
264 2122 431 2208 Scriptura:
461 2122 602 2188 Videmus
622 2142 702 2188 nuuc
722 2142 780 2206 per
800 2125 958 2206 speculum
981 2125 1015 2190 iu

97 2216 277 2300 scammate,
291 2222 361 2276 tune
375 2223 479 2276 autem
489 2212 569 2296 focio
581 2211 753 2294 adfaciem,
771 2212 783 2276 l
806 2213 887 2288 Cor„
897 2213 947 2290 15,
962 2214 1014 2291 lt,

98 2304 178 2386 quod
201 2301 355 2387 corporali
377 2301 471 2366 modo
496 2302 581 2366 nelss
618 2314 664 2366 cst
701 2300 883 2384 intelligere,
912 2315 945 2366 ut
981 2303 1013 2368 in

99 2391 158 2476 ipsa
183 2391 347 2455 Divinitate
371 2391 563 2476 corporalem
587 2389 696 2456 faciem
713 2391 929 2473 imaginemur,
941 2411 1013 2456 eum

97 2496 253 2546 ostensum
265 2481 303 2543 sit
327 2477 371 2568 (l.
389 2479 418 2556 1,
441 2501 468 2543 ε.
491 2476 557 2560 20)
576 2479 676 2544 Deum
693 2479 912 2564 incorporeum
936 2500 1013 2557 esse,

98 2588 196 2656 neque
220 2569 311 2632 etiam
334 2571 372 2631 sit
395 2567 541 2654 possibile
559 2583 591 2634 ut
615 2581 720 2634 nostra
757 2568 908 2656 corporali
932 2567 1010 2634 fecie

99 2655 195 2724 Deum
220 2657 390 2733 videamus,
412 2677 484 2722 eum
508 2659 590 2722 visus
612 2655 792 2742 corporalis,
816 2659 867 2743 qui
884 2659 915 2722 in
929 2656 1011 2724 facie

100 2761 199 2812 nostra
213 2745 335 2822 residet,
347 2746 468 2810 nonnisi
483 2765 586 2812 rerum
599 2745 807 2831 corporalium
824 2767 891 2812 csse
904 2747 1009 2833 possit.

100 2832 148 2900 Sic
170 2837 263 2921 igitur
284 2833 362 2898 facie
387 2834 487 2898 Deum
522 2835 695 2900 videbimus
733 2835 805 2920 quia
832 2835 1010 2900 immediate

100 2941 168 2990 eum
193 2923 375 3000 ridebimus,
398 2923 476 2987 sicut
500 2923 659 2988 bominem
682 2942 793 3008 quem¹
812 2922 889 2990 lacis
911 2924 951 2989 ed
966 2923 1009 2991 lu·

99 3010 174 3078 ciem
199 3013 349 3078 videmus.
387 3011 565 3076 Secundum
600 3026 704 3076 autem
743 3011 823 3076 bunc
861 3013 1011 3078 visionem

100 3106 229 3167 maxime
252 3101 318 3166 Deo
341 3099 546 3166 assimilamur
567 3113 598 3164 et
620 3098 686 3183 ejus
709 3099 905 3165 beatitudiuis
922 3105 1015 3186 parti-

100 3190 179 3275 cipes
203 3211 319 3262 sumus;
342 3209 413 3254 uum
438 3191 503 3275 ipsc
525 3189 609 3254 Deus
634 3207 689 3274 per
725 3209 814 3253 suam
830 3209 834 3218 ·
849 3191 1014 3254 essentiam

100 3295 184 3345 suam
200 3279 400 3346 substantiam
418 3277 570 3363 intelligit,
582 3290 612 3342 et
628 3277 704 3342 bae'e
720 3289 765 3342 est
782 3276 918 3356 felicitas
932 3281 1014 3344 unde

105 3364 221 3435 dicitur:
250 3369 326 3433 Cum
349 3378 452 3433 cutem
475 3366 668 3452 apparuerit,
702 3366 820 3432 similes
849 3368 877 3432 ei
900 3370 1014 3434 erimus

99 3485 155 3540 licet
172 3497 201 3543 ut
219 3491 303 3544 forma
320 3490 376 3544 sine
394 3489 503 3543 materia
522 3497 548 3544 et
566 3503 614 3562 per
625 3505 654 3543 se
679 3488 849 3558 subsistens)
876 3490 903 3544 iu
919 3507 1014 3560 genere

97 3557 303 3638 intelligibilium.
