2452 3970
226 227 288 294 116
544 250 599 293 tm.
622 249 662 292 ιιι.
687 245 750 292 can.
773 248 851 293 xuni.

224 317 342 393 dieitur;
380 316 456 382 fiunt
494 331 594 384 autem
633 316 784 382 intellecta
811 317 842 380 in
866 325 934 382 aeto
959 313 1137 402 persolum

222 406 410 471 intellectum
433 421 671 493 agentemper.
688 406 746 471 hoe
782 403 828 488 (l)
853 419 956 470 autem
981 405 1057 469 fiunt
1090 405 1136 468 in·

221 494 336 560 tellecta
361 496 391 559 in
413 510 482 561 autu
507 497 565 560 alia
587 515 666 580 quae
690 515 725 559 ex
749 495 850 560 studio
873 495 997 558 scimus.
1022 494 1137 558 Facere

179 621 183 630 ι
220 583 312 666 igitur
334 583 409 648 liaeo
424 586 641 671 consequentia
665 583 817 648 intellecta
840 582 872 646 in
895 596 965 648 aotu
986 596 1032 647 εει
1056 583 1136 646 aetio

218 683 247 735 ot
271 672 440 738 intellectus
463 674 514 759 qui
531 687 577 738 est
599 675 630 756 in
655 674 760 736 habitu
798 683 948 757 quantum
972 671 1011 735 ud
1035 672 1135 757 prima
1209 739 1210 742 ,

219 761 366 846 principia
389 775 419 826 ει
441 761 535 847 ipsius
566 761 737 825 intellectus
760 761 888 844 agentis.
929 759 994 824 Una
1031 773 1135 824 autem

219 850 298 913 aetio
321 863 442 914 nonest
457 851 602 926 duorum,
619 850 675 914 nisi
688 869 784 914 unum
796 869 905 914 eornm
939 862 1136 933 comparetur

211 937 258 1009 „ad
281 937 410 1002 alterum
434 939 510 1004 siout
533 959 627 1024 agens
650 940 687 1004 ud
726 941 966 1005 instrumentum
986 936 1034 1002 vel
1056 939 1136 1002 siout

219 1024 350 1090 formam
364 1027 401 1090 ad
414 1025 728 1113 materiam.‘0portet
743 1027 834 1111 igitur
846 1025 929 1112 quod
958 1025 1134 1091 intellectus

221 1135 315 1198 agens
338 1131 532 1202 comparetur
554 1117 592 1180 ad
617 1119 713 1202 prima
738 1116 884 1202 principia
908 1113 1078 1184 intellectus
1102 1117 1133 1177 in

222 1204 339 1282 habitu,
362 1203 410 1269 rel
433 1205 509 1269 siout
532 1225 626 1288 agens
648 1206 686 1268 ad
711 1206 948 1268 instrumentum
985 1203 1032 1268 vel
1056 1204 1134 1268 sieut

221 1291 317 1356 lorma
341 1293 378 1357 ad
407 1294 577 1358 materiam.
612 1294 702 1375 Quod
726 1293 852 1379 quidem
883 1291 1014 1378 qualiter
1038 1293 1134 1377 possit

220 1400 287 1445 εεεε
309 1381 352 1446 sio
374 1383 517 1446 ostendit:

286 1470 459 1536 intellectos
497 1470 657 1557 possibilis,
694 1491 765 1536 oum
802 1471 851 1544 sit,
872 1469 1043 1535 secundum
1066 1469 1134 1553 ejus

220 1559 412 1643 positionem,
434 1565 586 1645 quaedam
609 1561 775 1626 substantia
808 1573 958 1646 separata,
990 1557 1134 1640 iutelligit

218 1648 404 1713 intellectum
421 1663 565 1731 agentem
578 1664 607 1713 et
622 1650 696 1712 alias
713 1651 895 1713 substantias
910 1661 1064 1732 separatas
1104 1663 1134 1709 et

218 1737 308 1800 etiam
323 1738 421 1822 prima
445 1736 596 1802 intellecta
613 1737 809 1822 specularium
840 1751 885 1801 εει
910 1737 1003 1820 igitur
1027 1733 1134 1819 subje-

217 1836 300 1888 etum
312 1838 522 1910 utrorumque.
545 1824 765 1909 Quaecumque
780 1838 883 1889 autem
899 1823 1086 1890 conveniunt
1101 1827 1133 1888 in

218 1933 279 1976 uno
294 1912 441 1996 subjecto,
459 1913 588 1978 alterum
603 1934 710 1978 eorum
727 1927 772 1978 εει
785 1916 862 1978 siout
875 1913 971 1978 lorma
995 1913 1133 1987 alterius,

217 2002 294 2064 siout
306 2001 466 2066 onmoolor
478 2016 507 2066 et
523 2002 573 2068 lux
586 2003 682 2066 sintin
695 2003 849 2087 diaplrauo
861 2001 1133 2085 sioutinsubjeeto‚

218 2103 337 2175 oportet
352 2091 435 2175 quod
455 2091 596 2169 alterum,
607 2091 719 2156 soilioet
731 2091 794 2170 lux!
805 2093 842 2155 sit
858 2091 945 2175 quasi
958 2091 1056 2154 forma
1087 2091 1133 2152 al-

218 2192 321 2256 tenus,
333 2178 446 2244 scilieet
454 2181 574 2244 eoloris.
590 2180 653 2245 Hoc
665 2195 767 2244 autern
785 2200 909 2244 neeesse
925 2195 971 2244 est
1004 2181 1132 2263 quando

221 2267 335 2332 lraltent
358 2267 497 2333 ordinem
513 2269 551 2333 ad
568 2270 708 2345 invicem,
725 2289 785 2333 non
800 2269 830 2332 in
855 2271 901 2334 lris
918 2288 997 2355 quae
1009 2287 1064 2353 pet·
1079 2290 1133 2331 ae-

219 2355 325 2420 oidens
348 2357 576 2442 conjunguntur
599 2360 630 2421 in
642 2359 753 2422 eodem
765 2357 914 2442 subjecto,
925 2357 1131 2422 sioutalbedn

218 2457 249 2508 ει
271 2445 396 2509 ιιιιιείεε.
419 2447 497 2510 Sunt
519 2461 621 2510 autem
645 2445 796 2510 intellecta
819 2449 1004 2531 speculativa
1028 2460 1057 2510 et
1080 2447 1130 2510 in-

218 2531 355 2598 tellectus
378 2553 473 2619 agens
495 2535 636 2600 ordinem
659 2535 697 2598 ad
721 2535 851 2599 invicem
876 2535 1030 2611 habentia,
1055 2554 1131 2600 eunt

218 2621 368 2686 intellecta
391 2624 574 2709 speculativa
599 2627 658 2690 sint
692 2623 769 2688 laeta
804 2623 959 2690 intellectu
992 2627 1023 2688 iu
1058 2639 1130 2688 autu

216 2729 271 2795 per
294 2710 481 2776 intellectum
505 2728 656 2796 agentem.
680 2712 777 2776 Habet
799 2733 832 2776 εε
855 2714 946 2794 igitur
959 2711 1131 2778 intellectus

216 2818 309 2882 agens
332 2800 370 2865 ad
394 2801 545 2866 intellecta
561 2801 854 2887 speculativa'quasi
880 2801 979 2866 l'onna
1001 2803 1039 2865 ad
1064 2821 1131 2864 ma·

25 2975 29 2983 ,
118 2893 120 2898 “
216 2890 332 2954 teriam.
356 2887 485 2976 Oportet
508 2891 599 2974 igitur
622 2889 715 2974 quod,
739 2909 809 2954 eum
842 2889 994 2956 intellecta
1017 2912 1128 2976 speon-

214 2976 303 3056 latita
326 2980 387 3043 sint
420 2979 509 3043 nobis
532 2978 671 3064 copulatu
707 2997 761 3064 per
784 2979 1009 3066 phantasmata,
1043 3000 1126 3063 quae

213 3081 283 3130 ειιιιι
320 3069 406 3152 quasi
444 3067 600 3153 quoddam
639 3067 812 3152 subjeetum
851 3068 999 3152 ipsorum,
1033 3085 1129 3132 etiarn

213 3155 385 3222 intelleutus
409 3175 501 3240 agens
525 3157 721 3222 continuetur
744 3156 917 3234 nobiseum,
944 3159 1129 3244 inquantum

212 3258 257 3306 εει
296 3243 395 3310 lorma
435 3245 658 3312 intellectorum
697 3245 966 3333 speculatiroium.
994 3246 1128 3328 Quando

261 3381 300 3448 (l)
320 3383 369 3436 Per
386 3386 459 3439 loc...
477 3385 603 3454 intellige:
622 3385 672 3438 Per
691 3385 755 3438 haee
773 3385 858 3454 prima
878 3386 1048 3455 intelligibilia
1059 3403 1130 3455 quae

209 3454 354 3508 factasunt
373 3457 502 3512 intellecta
520 3459 547 3509 iu
566 3464 626 3509 uoto
644 3473 691 3526 por
711 3458 795 3510 solum
814 3457 973 3510 intellectum
998 3467 1134 3526 agentem,

209 3531 234 3577 ει
254 3527 380 3596 adquae,
399 3545 431 3583 ειι
449 3529 504 3599 ltoo,¹
525 3529 737 3601 intellectusmest
754 3530 784 3596 in
803 3527 909 3582 habitu.
