2494 3970
379 267 688 314 ma.1u.etr.xx;v.
949 251 991 315 69

134 337 257 403 Bonum
279 349 383 403 autem
407 359 499 404 suum
533 335 698 422 cujuslibet
720 337 765 402 rei
801 348 901 424 potest
938 361 990 405 aa·

76 426 128 512 cipi
157 426 377 515 multiplieiter:
402 427 469 492 Uno
506 426 632 512 quidem
670 424 776 500 modo,
816 427 990 494 secundum

72 515 148 598 quod
173 529 221 581 εει
243 517 309 602 ejus
332 516 503 602 proprium,
526 516 645 580 ratione
675 513 838 591 individui3
877 529 908 582 at
947 520 992 583 sic

68 605 180 690 appetit
214 605 328 672 animal
363 612 454 670 suum
493 606 610 672 bouum
649 623 720 668 oum
745 605 859 690 appetit
881 603 986 670 eibum

67 713 125 776 quo
160 694 192 758 in
228 715 294 760 esse
333 708 541 759 conservatur.
580 694 647 758 Atto
671 693 775 766 modo,
809 693 985 760 seeundum

67 781 148 883 quod
171 783 319 868 aercius,
342 783 461 848 ratione
483 783 607 869 speciei
629 793 658 846 ει
681 782 724 846 sio
763 781 877 867 appetit
917 803 990 869 pro-

67 871 168 956 prium
193 871 312 938 bonurn
336 873 495 951 animalf
489 893 518 936 m
543 887 693 974 quantum
719 873 835 957 appetit
860 889 990 954 genera

65 961 181 1025 tionem
208 961 302 1048 prolis
325 974 355 1025 et
378 961 443 1046 ejus
478 961 691 1041 nutritionem,
727 961 774 1024 vei
813 961 838 1024 si
873 961 989 1046 aliquid

65 1048 146 1113 aliud
171 1063 319 1136 operetur
341 1049 379 1114 ad
402 1050 668 1115 conservationem
704 1049 751 1112 vel
775 1047 987 1114 defensionem

65 1137 295 1203 individuorum
311 1157 386 1203 suae
407 1139 536 1242 speciei..
554 1139 658 1204 Tertio
680 1159 753 1202 varo
778 1137 882 1213 modo,
895 1140 986 1203 ratio·

66 1247 103 1290 oe
126 1229 263 1311 geneum
286 1242 317 1293 et
339 1230 382 1292 sia
405 1229 519 1313 appetit
542 1229 701 1314 proprium
726 1227 866 1291 bouum
861 1248 890 1290 m
915 1249 987 1294 aaa·

65 1316 161 1380 saodo
186 1337 283 1402 ageos
306 1321 508 1402 aequivocum
533 1317 595 1403 (Ἰ),
617 1319 695 1382 siout
719 1315 850 1380 caelum.
867 1315 985 1397 Quarto

67 1419 169 1470 autem
195 1406 295 1471 modo'
314 1408 432 1471 ratione
455 1406 664 1472 similitudinis
689 1406 849 1489 analogiae
873 1406 986 1491 prinoi-

68 1495 226 1582 piatorum
250 1495 289 1559 ad
312 1517 402 1560 suum
428 1496 623 1582 principium3
639 1498 734 1560 etsie
758 1494 842 1557 Deus
866 1493 918 1580 qui
941 1509 987 1559 εει

70 1595 152 1648 extra
177 1603 288 1668 genus,
311 1598 437 1671 propter
460 1605 551 1650 suum
574 1583 692 1649 bonum
716 1582 860 1648 omnibus
894 1583 988 1648 rebus

70 1669 120 1735 dat
142 1692 224 1737 esse.

136 1761 179 1826 Ει
204 1781 266 1862 quo
291 1773 372 1848 patet
395 1760 489 1847 quod,
512 1775 628 1848 quanto
651 1760 766 1848 aliquid
804 1773 850 1825 est
888 1759 989 1847 perie-

70 1849 172 1915 ctioris
213 1851 346 1929 virtutis,
383 1865 413 1915 et
450 1851 637 1916 eminentius
661 1852 691 1915 in
715 1848 817 1935 gradu
835 1849 1006 1928 bonitatis3'

71 1950 154 2003 tauto
177 1941 348 2026 appetitum
372 1939 445 2004 boni
469 1942 716 2005 communiorem
742 1939 832 2004 habet
850 1951 879 2003 et
893 1959 990 2024 magra

71 2026 99 2090 ia
138 2028 323 2095 distantibus
360 2049 377 2092 a
412 2049 445 2093 se
484 2029 601 2094 bonum
625 2029 796 2114 quaeritet
833 2043 989 2114 opermatur

70 2113 146 2182 Nam
170 2116 351 2205 imperfecta
374 2117 413 2182 ad
436 2117 537 2182 solum
561 2119 678 2182 bonum
703 2116 825 2219 proprii·
841 2116 990 2182 individui

70 2206 211 2283 tendurtt;
246 2205 380 2292 perfecta
419 2227 492 2271 vero
530 2206 569 2272 ad
605 2207 721 2271 bonum
744 2206 868 2291 speciei
890 2205 989 2290 perie-

70 2294 163 2360 atiora
188 2315 273 2373 vero,
294 2295 333 2359 ad
357 2296 474 2361 bouum
497 2295 629 2380 generis3
645 2295 729 2359 Deus
745 2307 859 2372 autem,
875 2294 926 2380 qui
942 2308 988 2360 est

73 2382 313 2465 perfectissimus
336 2384 366 2448 in
390 2383 536 2463 bonitate,
559 2384 599 2450 ad
630 2385 746 2448 bonum
769 2383 861 2448 totius
898 2385 986 2449 entia.

74 2469 159 2538 Unde
182 2493 244 2538 oon
267 2472 425 2538 immerito
447 2473 558 2539 dieitur
581 2494 598 2538 a
621 2472 807 2558 quibusdam
831 2471 914 2558 quod
928 2473 985 2538 ho-

72 2581 156 2640 num,
184 2563 388 2648 inquantum
413 2561 602 2664 hujusmodi,
625 2577 671 2628 εει
692 2560 878 2640 diffusirum;
902 2563 985 2647 quia,

71 2665 187 2732 quanto
211 2650 356 2750 aliquid
349 2653 502 2716 iuvenitur
525 2652 645 2730 meiius,
668 2663 753 2715 tanto
768 2650 807 2715 ad
819 2665 985 2718 remotiora

72 2737 239 2806 bonitatem
263 2732 351 2806 suam
375 2738 528 2805 diffundit.
554 2740 587 2804 Et
610 2741 693 2827 quia,
714 2741 745 2804 in
769 2739 907 2825 quolibet
931 2761 984 2825 ge-

70 2845 155 2909 nere,
195 2829 278 2915 quod
316 2842 362 2894 εει
398 2827 655 2916 perfectissimum
693 2841 739 2894 est
763 2828 920 2930 exemplar
956 2844 987 2895 et

71 2936 215 2984 mansura
250 2919 390 2984 amnium
414 2938 493 3004 quae
516 2931 588 2984 sunt
610 2919 690 2983 illius
713 2919 845 3003 generis,
868 2932 989 3002 oportet

73 3007 153 3088 quod
170 3005 266 3082 Deus,
277 3008 330 3094 qui
346 3021 391 3073 ast
408 3007 438 3071 in
456 3007 592 3072 bonitate
609 3006 847 3091 perfectissimus
860 3015 987 3073 etsuam

78 3093 244 3161 bonitatem
275 3095 530 3162 communissime
554 3095 770 3173 diffundens,
762 3117 793 3159 m
817 3115 872 3159 sua
899 3096 989 3162 ditiu-

125 3272 167 3340 (1)
185 3274 271 3344 Αρειιε
288 3276 456 3343 aequiuocum
474 3280 513 3326 est
532 3273 597 3326 iliud
615 3272 688 3343 quod
705 3279 827 3325 movetur
844 3279 871 3326 ει
897 3285 992 3332 ιιιονει.

75 3345 209 3398 -Drdo
238 3345 379 3399 verborum
410 3351 458 3400 est:
477 3345 563 3414 Agens
583 3345 763 3414 aequivocum,
792 3345 859 3397 siout
877 3347 988 3412 caelum,
1012 3397 1016 3408 ,

76 3418 171 3484 appetit
189 3417 325 3500 proprium
344 3415 468 3470 bonum
462 3432 489 3468 m
507 3416 648 3480 causando,
669 3415 815 3486 appetendo
832 3417 927 3471 seilicet
945 3420 990 3473 ho·

76 3495 134 3538 num
158 3487 200 3540 sui
218 3490 332 3556 generis
359 3495 424 3558 puta
442 3489 620 3558 emporia—
585 3487 677 3540 —Da
695 3489 911 3557 aequivocatione,
929 3497 993 3545 uai

76 3561 202 3614 voaota'one
220 3567 247 3613 ει
264 3560 397 3632 naaloqr'au
415 3558 457 3629 oi,
476 3559 493 3612 l.
513 3559 538 3628 i,
556 3575 579 3615 c.
596 3557 642 3630 ιθ,
659 3568 730 3631 etp.
748 3557 791 3632 tt
809 3567 864 3615 not.
890 3560 918 3617 2.
