2516 3968
399 253 453 297 mn.
479 254 520 301 nr.
549 254 613 300 cra.
642 253 716 300 cccv.
966 237 1027 304 tit

108 321 202 408 longe
224 331 294 387 ante
318 341 373 408 per
396 320 565 409 Prophetas
588 324 755 410 praemone
777 323 861 390 unde
901 322 1030 412 Aposto-

111 409 159 478 lus
182 411 262 476 dicit:
286 411 415 490 Paulus,
429 432 535 478 seruus
550 413 638 478 lesus
663 413 787 492 Christi,
807 424 933 479 occutus
949 415 1032 500 plpo-

110 501 219 576 stolus,
247 511 423 585 ecprepcnrs
460 502 493 566 in
508 497 707 587 annpclium
744 503 813 582 Dei,
851 504 932 588 puod
958 516 1031 570 onte

108 589 297 673 promiserat
325 609 384 673 per
406 587 577 675 Prophetas
599 611 670 656 enos
693 592 726 656 in
751 591 921 675 Scripturia
958 613 1033 658 ecn-

111 680 178 758 ctis,
199 679 243 764 del
261 677 342 742 Filio
366 698 431 758 suc,
454 681 506 762 qui
527 680 687 764 [natusest
701 681 730 745 ei
745 701 782 746 ec
796 681 912 746 semina
927 681 1033 748 Dauid

20 799 26 804 -
110 767 276 833 sanandum
291 787 425 844 curnem,
449 768 551 845 Rom„
576 769 605 846 l,
631 765 696 834 t-a.

177 855 251 922 Post
273 849 404 940 gradum
427 871 530 922 autem
549 857 675 922 illorum
699 857 750 944 qui
775 856 954 924 immediate
981 879 1032 924 re-

110 943 295 1023 velationem
319 965 336 1010 a
359 945 425 1010 Deo
448 947 608 1033 recipiunt,
642 958 687 1012 est
728 945 920 1019 necessarius
954 947 1031 1015 alius

112 1033 228 1118 gratiae
251 1033 374 1119 gradus.
398 1033 477 1116 Quia
507 1036 590 1100 enim
626 1035 769 1100 homines
807 1035 1031 1103 revelationem

113 1122 218 1187 olleo
241 1121 402 1209 accipiunt,
425 1144 487 1188 noo
510 1123 610 1189 solum
627 1144 683 1211 pro
707 1125 860 1211 praesenti
879 1140 1030 1212 tempore,

112 1211 272 1276 sedetiam
295 1211 332 1275 ad
346 1213 576 1278 instructionem
601 1211 741 1278 omnium
764 1211 951 1292 futurorum,
975 1234 1030 1280 ne·

4 1331 6 1338 v
112 1301 278 1366 cessarium
302 1298 358 1365 luit
382 1314 498 1366 utnon
522 1301 624 1368 solum
649 1321 789 1387 eaquae
828 1301 903 1389 ipsis
942 1323 1030 1370 reve·

111 1386 225 1453 laotur·
238 1407 382 1454 sermone
404 1403 604 1455 narrarentur
627 1390 850 1476 praesentibus,
870 1391 1030 1460 sedetiam

111 1477 319 1543 scriberentur
342 1478 380 1542 ad
405 1479 636 1544 instructionem
660 1477 845 1555 luturorum;
883 1481 1031 1548 undeet

112 1566 248 1651 oportuit
270 1565 388 1652 aliquos
403 1587 471 1632 esse
494 1568 546 1653 qui
571 1564 748 1652 hujusmodi
782 1569 895 1655 scripta
933 1570 1031 1636 inter·
1077 1652 1079 1664 Ι

112 1667 315 1739 pretarentcr;
340 1656 422 1741 quod
446 1656 548 1722 divina
572 1655 668 1740 gretia
706 1675 774 1720 csse
797 1669 929 1742 oportet,
951 1659 1030 1726 sicut

112 1756 142 1807 et
166 1743 230 1828 ipse
254 1743 406 1811 revelatio.
420 1765 475 1831 per
497 1747 625 1829 gratiam
650 1744 706 1810 Dei
730 1743 796 1810 luit.
820 1745 907 1810 Unde
931 1760 960 1812 ct
983 1748 1030 1812 di·

111 1830 200 1896 citur:
214 1831 370 1918 Numquid
385 1854 444 1907 non
457 1834 515 1898 Dei
527 1845 573 1900 eet
590 1833 819 1918 interpretatio?
831 1833 920 1912 Gen,
932 1836 985 1910 ll),
998 1837 1028 1903 8.

178 1918 323 2008 Sequitur
346 1936 448 1988 autem
472 1923 599 1988 ultimus
623 1921 748 2007 gradus,
771 1943 880 1989 eorum
914 1925 1031 1992 seilicet

111 2007 164 2094 qni
188 2028 223 2073 ea
246 2029 325 2094 quae
348 2011 414 2076 aliis
437 2025 508 2076 sunt
530 2012 663 2078 revelata
676 2024 705 2076 et
721 2031 775 2098 per
787 2013 863 2078 alios
881 2013 1030 2101 interpre-

2 2095 3 2130 ³
112 2109 172 2162 tata
198 2097 326 2163 fideliter
342 2099 481 2164 credunt.
494 2099 557 2166 Hoc
571 2115 673 2164 autern
692 2099 748 2164 Dei
763 2099 883 2166 donum
900 2122 1032 2170 essesu-

109 2185 214 2270 petius
237 2187 279 2274 (c.
306 2187 380 2276 ltu)
405 2202 562 2253 ostensum
585 2203 640 2254 est.
675 2187 752 2268 Quia
776 2209 850 2254 vero
886 2210 941 2274 per
963 2211 1031 2256 ma·

109 2273 210 2357 lignos
227 2276 349 2361 spiritus
372 2273 473 2361 aliqua
497 2276 608 2340 similia
632 2275 710 2340 fiunt
733 2276 784 2340 his
808 2277 919 2362 quibus
954 2277 1031 2346 lidos

111 2363 322 2443 confirmatur,
340 2378 401 2430 tarn
426 2366 456 2428 in
480 2365 640 2450 signorum
664 2365 844 2450 operatione
868 2385 977 2451 quam¹
999 2369 1031 2434 in

110 2448 284 2517 futurorum
308 2453 503 2532 revelatione,
525 2467 558 2518 ut
580 2472 672 2539 supra
697 2451 811 2518 dictum
834 2469 890 2527 est,
914 2475 953 2521 oe
976 2479 1032 2544 per

110 2537 290 2624 hujusmodi
314 2542 454 2608 homines
477 2543 596 2628 decepti
623 2540 785 2606 mendacio
820 2543 956 2622 credant,
979 2568 1032 2611 ne·

110 2629 278 2696 cessarium
302 2644 348 2696 eet
370 2647 403 2697 ut
421 2631 571 2716 adjutorio
596 2630 719 2694 divinae
742 2633 858 2714 gratiae
881 2633 1033 2699 instruam.

110 2716 214 2782 turde
238 2717 412 2804 hujusmodi
436 2719 594 2806 spiritibus
617 2718 840 2799 discernendis,
860 2723 1032 2788 seeundum

109 2806 195 2890 quod
219 2806 338 2872 dieitur:
362 2809 465 2874 Nolite
489 2808 574 2872 omni
595 2807 720 2891 spiritui
743 2809 877 2886 credere
900 2810 1032 2895 sedpro·
1098 2805 1105 2822 ⁸

111 2893 181 2960 bate
202 2895 344 2980 spiritus,
365 2899 392 2962 ci
415 2916 452 2961 erc
477 2897 541 2960 Deo
564 2897 636 2970 sint,
655 2897 667 2961 l
696 2895 797 2974 loen,
819 2896 851 2974 l,
877 2897 905 2962 l.

175 2983 238 3048 llos
261 2999 363 3050 actem
387 2986 504 3069 gratiae
526 2984 651 3050 effectus
675 2984 714 3048 ad
731 2984 967 3052 instructionem
1002 3001 1033 3054 et

107 3072 374 3138 confirmationem
398 3073 468 3138 fidei
493 3073 652 3138 ordinatos
677 3072 843 3159 Apostolus
861 3089 1033 3156 enumerat,

107 3159 224 3224 dicens:
245 3161 311 3226 Alii
332 3163 455 3246 quidem
477 3183 537 3246 per
559 3162 703 3246 spiritum
729 3161 826 3226 detur
848 3183 950 3228 sermo
980 3185 1031 3230 aa·

103 3249 253 3332 pientiae,
275 3250 333 3314 alii
354 3261 457 3316 cutam
480 3271 589 3315 sermo·
608 3249 756 3314 scientiae
769 3252 935 3318 seeundum
951 3274 1033 3318 enm·

106 3337 179 3402 dem
200 3339 355 3422 spiritum3
366 3339 460 3404 alteri
474 3339 550 3426 fides
574 3339 607 3402 in
622 3339 729 3402 eodem
752 3339 876 3422 spiritu
890 3341 947 3406 olii
960 3363 1031 3427 pru-

108 3425 154 3490 tia
176 3428 345 3494 sonitatum
366 3429 399 3492 in
421 3449 481 3493 nno
503 3428 625 3510 spiritm
643 3427 700 3491 clii
714 3429 853 3509 operatio
871 3430 1030 3508 uirtutum,

108 3514 168 3580 clii
185 3516 362 3606 prophetia,
385 3517 444 3584 clii
466 3517 610 3584 discretio
633 3515 808 3602 spirituum,
835 3517 892 3584 clii
914 3539 1028 3606 penora
