2372 3966
277 273 334 316 ete.
360 272 400 316 m.
425 269 486 316 usn.
511 271 568 317 xer.
593 271 628 314 nr
652 267 718 312 ruit.
892 247 955 316 tut)

112 340 225 420 ddbt'te,
246 338 360 406 Omnia
384 339 584 426 intelligibilia
608 341 638 404 in
661 340 958 424 quotumeognitiu·

59 448 115 497 rent
138 429 317 496 devenimus
340 447 395 516 per
423 428 653 516 inquisitionem
680 439 710 490 et
746 428 882 494 studium
916 429 954 494 ad

55 520 174 604 aliquam
197 521 396 584 scientiarum
423 518 681 606 speculativarum
722 516 884 600 pertinent.
922 518 952 582 Si

52 610 144 690 igitur,
165 629 221 695 per
243 609 302 674 hoc
325 607 407 694 quod
431 607 630 690 intelligimus
654 617 777 672 naturas
800 617 831 670 et
868 607 955 692 quid·

48 699 148 762 ditatas
158 699 288 763 istorum
301 695 503 774 sensibilium,
516 697 713 782 pervenimus
728 693 766 758 ad
784 695 955 779 intelligen-

46 785 92 850 das
114 788 298 852 substantias
322 800 487 871 separatas,
509 799 630 868 oportet
660 782 744 871 quod
783 784 955 868 intelligere

45 875 221 941 substantias
243 891 400 962 separatas
421 874 577 959 contingat
601 891 657 961 per
669 874 802 956 aliquam
814 873 955 938 seientia·

44 964 149 1030 tiorum
171 966 439 1050 speculativarum.
464 963 528 1027 lloe
565 979 667 1028 autem
703 981 766 1026 non
804 962 955 1038 ridemus3

44 1073 98 1117 non
122 1067 168 1118 est
189 1056 274 1118 enim
298 1053 399 1138 aliqua
422 1051 607 1138 speculativa
631 1051 757 1117 scientia
795 1071 875 1138 quae
898 1053 954 1117 do-

42 1155 102 1205 ceat
124 1143 163 1206 de
186 1143 288 1228 aliqua
313 1144 551 1206 substantiarum
576 1155 784 1227 separatarum
808 1141 881 1227 qutd
898 1157 954 1217 est,

43 1231 89 1294 sed
111 1233 215 1296 solum
239 1232 310 1317 quia
334 1245 390 1296 est.
415 1230 483 1294 Non
506 1245 552 1294 est
575 1230 667 1314 igitur
690 1229 835 1315 possibile
858 1233 953 1316 qnod,

44 1339 90 1402 per
128 1323 189 1385 boe
228 1320 311 1406 quod
349 1319 549 1403 intelligimus
587 1333 711 1384 naturas
749 1319 953 1398 sensibilium,

44 1411 253 1490 perveniamus
275 1409 314 1472 ad
339 1409 551 1492 intelligendas
574 1409 760 1473 substantias
786 1423 953 1493 separatas.

42 1533 78 1544 -
96 1499 128 1562 Si
152 1513 258 1563 antem
282 1497 403 1563 dicatur
416 1497 499 1583 quud
516 1496 722 1583 estpossibile
734 1513 801 1560 esse
817 1497 951 1582 aliquam

42 1585 124 1650 talem
147 1587 309 1652 seientiam
333 1587 563 1674 speculativam.
598 1587 739 1672 quamtis
763 1585 865 1650 adbuc
889 1605 951 1651 non

43 1677 74 1737 sit
94 1677 231 1749 inventa,
271 1677 330 1740 boc
352 1677 429 1740 nibil
452 1687 508 1754 est3
532 1676 604 1762 qnia
629 1687 759 1739 nonest
795 1673 952 1760 possibile,

43 1783 88 1846 per
109 1766 215 1851 aliqua
238 1765 386 1852 principia
410 1764 500 1829 nobis
536 1779 621 1839 nota,
659 1764 698 1828 ad
735 1762 950 1848 intelligendas

43 1852 218 1918 substantias
230 1854 400 1938 praedictas
413 1853 568 1918 devenire.
581 1849 694 1918 Omnia
707 1851 791 1917 eninr
827 1856 950 1939 propria

44 1943 952 2030 principiacujuscumqueseientiaedependentexprincipiis

45 2031 139 2112 primis
162 2031 489 2096 indemonstrabilibus
513 2051 568 2117 per
589 2053 623 2096 se
647 2033 737 2110 notis,
752 2049 884 2116 quorum
900 2053 952 2099 eo-

43 2120 204 2199 gnitionem
228 2141 245 2184 a
269 2121 467 2186 sensibilibus
490 2122 666 2206 accipimus,
691 2135 723 2185 nt
739 2131 820 2206 petet
844 2123 875 2184 in
892 2121 953 2187 line

45 2209 244 2275 Posteriorutn
269 2221 356 2292 (text.
390 2229 507 2275 comm.
543 2209 610 2296 ut).
645 2207 808 2274 Sensibilie
847 2225 973 2276 autem.

44 2315 97 2360 non
117 2298 305 2364 sufficienter
327 2299 445 2364 ducunt
468 2299 498 2361 in
523 2299 732 2382 cognitionem
757 2315 863 2362 rerum
893 2299 951 2365 int·

46 2389 250 2464 materialium,
274 2401 306 2452 ut
329 2407 385 2473 per
407 2387 581 2473 superiores
617 2388 750 2452 rationes
772 2399 818 2450 est
842 2390 952 2474 proba-

45 2487 107 2538 tum.
130 2478 199 2542 Non
223 2491 269 2542 est
292 2497 367 2560 ergo
392 2475 538 2562 possibile
557 2476 690 2562 aliquam
706 2475 866 2542 scientiam
882 2499 949 2546 esse

45 2581 90 2642 per
122 2587 217 2652 quarn
257 2565 296 2630 ad
334 2564 550 2651 intelligendas
588 2567 772 2632 substantias
795 2583 950 2652 separatas

45 2658 181 2731 perveniri
207 2655 311 2741 possit.

331 2829 516 2898 CAPUT
560 2831 649 2897 xbtt.

102 3009 188 3088 Qttod
209 3031 270 3074 nnn
292 3029 456 3095 possumne
476 3009 510 3072 in
541 3009 599 3074 boc
619 3011 686 3076 uilo
708 3029 885 3096 cognoscere

112 3099 300 3170 substantioe
318 3109 495 3185 separatos,
510 3109 545 3163 ttt
558 3099 662 3183 posttit
677 3101 866 3167 ⁴liestondcr.
940 3138 943 3146 ·

100 3274 173 3356 Quia
197 3297 271 3342 vero
295 3275 466 3343 Alexander
489 3276 591 3362 posuit
614 3277 666 3362 (l)
704 3278 788 3363 qnod
828 3279 946 3346 intelle·

54 3371 102 3426 etus
123 3367 271 3450 possibilis
294 3381 340 3432 est
363 3366 550 3451 generabilis
565 3369 824 3453 eteorrnptibilis,
840 3383 946 3455 utpote

56 3455 185 3528 quaedam
210 3459 402 3542 praeparatio
423 3457 578 3518 humanae
601 3469 739 3534 naturae,
755 3477 947 3543 consequens

89 3555 120 3623 lll
132 3559 260 3630 4ΡαναμΙιν.
277 3563 309 3616 de
335 3562 444 3623 Aninio,
464 3559 481 3610 l.
502 3555 528 3622 i,
547 3573 607 3628 cap.
624 3560 664 3613 De
689 3559 826 3616 intellecto
844 3567 945 3630 operte.
