2514 3972
428 239 484 286 urs.
508 242 548 288 ιιι.
571 241 634 288 cur.
658 241 756 290 crum.
977 221 1038 294 sat

127 309 219 376 etiam
243 324 310 376 esse
333 308 473 375 naturale
495 310 526 377 id
549 312 615 378 sine
637 331 700 397 quo
722 309 799 378 illud
835 310 943 378 haberi
977 332 1042 381 non
1134 343 1136 348 ¹

125 409 237 486 potest3
259 411 368 464 natura
391 399 474 464 enim
497 421 560 468 non
583 400 686 468 delicit
708 400 741 468 in
777 400 969 468 necessariis.
991 399 1043 466 Est

126 501 231 556 sutem
253 486 371 554 homiui
400 489 540 556 naturale
576 488 659 577 quod
694 489 733 558 sit
769 488 884 556 animal
918 487 1042 568 sociale3

126 575 211 664 quod
233 595 271 640 ex
294 575 353 642 hoe
389 577 560 644 ostenditur
592 577 677 664 quod
715 598 794 644 unus
828 578 924 644 homo
958 576 1044 646 solus

126 685 190 732 non
213 663 324 730 sufficit
347 662 386 728 ad
409 667 512 732 omnia
550 686 630 752 quae
667 679 740 734 sunt
771 667 927 732 humanae
964 665 1044 732 vitae

126 753 311 820 necessaria.
335 752 375 818 Ea
398 753 490 840 igitur
512 755 579 822 sine
602 755 715 841 quibus
739 756 870 822 societas
906 755 1043 822 humana

126 842 301 910 conservari
324 863 386 908 non
402 857 502 930 potest
523 857 595 912 sunt
609 844 727 914 homini
740 844 918 912 naturaliter
932 863 1045 910 conve·

125 931 252 998 nientia.
290 929 471 1016 Huiusmodi
507 947 610 1000 autem
645 947 725 1000 sunt:
760 933 925 1020 unicuique
959 931 1044 1086 (pund

126 1039 219 1086 suum
242 1031 288 1086 est
309 1040 500 1102 conservare,
523 1035 553 1088 et
576 1022 614 1090 ab
637 1021 756 1108 injuriis
779 1021 942 1088 abstinere.
989 1033 1045 1088 unt

126 1107 219 1194 igitur
241 1106 343 1195 aliqua
366 1110 564 1177 inhumanis
587 1111 704 1177 actibus
734 1111 912 1178 naturaliter
949 1121 1043 1180 recta.

195 1195 343 1284 Amplius,
365 1197 465 1284 Supra
490 1213 648 1268 ostensum
671 1213 716 1266 est
739 1199 823 1286 quod
835 1199 935 1266 omnis
948 1198 1044 1265 homo

126 1285 314 1352 naturaliter
329 1286 388 1352 hoc
411 1288 503 1356 habet
518 1289 602 1376 quod
621 1300 724 1354 utatur
739 1288 831 1357 rebus
847 1287 1044 1354 inlerioribus

128 1372 170 1448 ad
192 1394 266 1440 suae
289 1375 368 1442 vitae
390 1378 614 1444 necessitatem.
636 1377 688 1442 Est
711 1389 815 1445 autem
837 1377 939 1464 aliqua
955 1395 1044 1442 men·

126 1482 200 1528 sura
223 1462 423 1533 determinata
436 1465 606 1535 secundum
620 1486 715 1552 quam
726 1486 799 1534 usus
815 1464 1044 1553 praedictarum

127 1571 234 1618 rerum
258 1551 411 1618 humanae
434 1555 512 1620 vitae
536 1566 583 1620 est
605 1554 801 1624 conveniens:
835 1553 1044 1640 quaequidem

126 1659 274 1707 mensura
296 1645 321 1707 si
355 1644 625 1728 praetermittatur,
662 1641 696 1708 lit
731 1641 849 1708 homini
887 1642 1044 1723 nocivum,

127 1729 207 1794 sieut
229 1744 355 1817 apparet
377 1731 408 1796 in
431 1733 606 1819 sumptione
616 1729 789 1796 inordinata
801 1731 952 1797 ciborum.
967 1729 1045 1798 Sunt

128 1816 222 1903 igitur
244 1817 338 1906 aliqui
361 1833 446 1889 actus
469 1820 585 1886 homini
608 1819 787 1886 naturaliter
817 1819 1044 1887 convenientes.

195 1906 283 1985 ltem,
305 1906 482 1974 Secundum
504 1908 675 1974 naturalem
699 1906 841 1974 ordinem
864 1909 1045 1995 corpusho·

126 1994 222 2060 minis
244 2008 290 2062 est
313 2008 438 2083 propter
475 1997 622 2076 animam,
657 2009 687 2062 et
721 1995 881 2062 inferiores
917 1997 1045 2064 virtutes

128 2085 252 2150 animae
274 2097 398 2172 propter
421 2085 582 2164 rationem,
603 2085 682 2154 sicut
719 2097 749 2150 et
785 2085 817 2150 in
851 2085 919 2152 aliis
954 2087 1048 2154 rebus
1083 2081 1088 2090 ’

128 2173 257 2238 materia
280 2186 326 2240 est
348 2187 472 2261 propter
494 2173 626 2240 sormam
651 2186 681 2240 et
697 2173 899 2240 instrumenta
921 2187 1048 2262 propter

131 2259 330 2349 principalem
354 2276 507 2347 agentem.
530 2262 573 2329 Ex
595 2282 634 2328 eo
667 2275 771 2328 autem
809 2260 893 2348 quod
927 2276 973 2328 est
1007 2262 1048 2328 ad

129 2349 215 2417 aliud
238 2350 424 2429 ordinatum,
447 2350 557 2416 dicitur
580 2350 607 2414 ei
632 2350 780 2416 auxilium
794 2349 968 2436 provenire,
984 2371 1048 2418 non

130 2450 235 2504 autem
258 2437 383 2525 aliquod
406 2438 672 2526 impedimentum.
696 2439 745 2504 Est
761 2439 855 2522 igitur
869 2439 1049 2508 naturaliter

130 2540 251 2596 reatum
273 2527 356 2614 quod
380 2527 423 2594 sic
446 2539 627 2615 procuretur
649 2526 688 2594 ab
719 2526 846 2594 homine
882 2547 995 2614 eorpus
1019 2540 1049 2594 et

131 2614 292 2682 interiores
314 2617 393 2682 vires
417 2618 538 2684 animae
563 2628 596 2681 ut
618 2635 656 2682 ex
679 2615 739 2680 lton
762 2627 793 2679 et
815 2628 900 2682 aetus
922 2617 1049 2682 rationis

130 2717 162 2770 et
184 2705 300 2770 honum
323 2705 417 2792 ipsius
440 2705 567 2772 minime
590 2702 789 2791 impediatur,
812 2705 911 2789 magis
945 2718 1048 2770 antem

124 2795 263 2879 juvetur.
286 2793 317 2858 Si
342 2807 445 2858 autem
467 2812 555 2862 secus
590 2791 744 2871 acciderit,
779 2792 836 2856 erit
872 2793 1053 2860 naturaliter

131 2894 302 2970 peccatum.
313 2881 505 2950 Vinolentiae
521 2883 612 2968 igitur
625 2894 655 2948 et
668 2880 909 2948 comessationes
921 2895 951 2948 et
966 2882 1050 2950 inor·

125 2971 256 3038 ,dinatus
279 2991 482 3036 venerearum
506 2989 589 3050 usus,
612 2988 770 3058 perquer
800 2981 886 3034 actus
923 2970 1050 3038 rationis

131 3059 308 3146 impeditur,
331 3072 362 3125 et
383 3057 473 3126 subdi
507 3061 559 3146 (l)
582 3057 787 3146 passionibus,
816 3077 896 3143 quae
917 3056 1049 3125 liberum

128 3147 280 3235 judicium
303 3149 428 3216 rationis
451 3168 604 3216 essenon
632 3148 748 3226 sinunt,
769 3158 841 3228 sunt
872 3147 1051 3214 naturaliter

132 3237 225 3302 mala.

197 3324 371 3406 Praeterea,
393 3323 562 3412 Unicuique
585 3322 775 3390 naturaliter
789 3321 975 3388 conueniunt
1013 3343 1050 3389 ea

132 3413 246 3502 quibus
269 3413 365 3480 tendit
386 3415 418 3480 io
440 3433 531 3478 suum
554 3413 649 3480 finem
674 3411 856 3488 naturalem3
879 3430 959 3497 quae
997 3432 1051 3478 au·

189 3519 230 3592 (l)
247 3521 282 3576 Bt
299 3521 374 3576 auidi
389 3521 562 3592 porcionibus,
580 3520 598 3574 i.
616 3534 639 3572 e.
657 3524 684 3572 et
700 3500 734 3566 ri
752 3515 828 3570 subdi
845 3515 1019 3586 passionibus.
