2452 3970
221 237 283 302 tls
487 260 542 304 ιιι,
566 261 606 304 ιιι.
631 257 693 304 css.
720 261 755 304 ιι.
780 259 814 302 ιι
838 260 884 303 ιιι.

210 326 362 410 ‘quonium
384 317 555 406 oidsltitnus
577 349 644 394 eum
668 330 757 394 sicuti
779 338 834 406 ost,
860 329 872 392 l
910 326 989 393 loun
1003 375 1011 404 ,
1025 325 1065 404 o,
1100 327 1135 402 ιι

216 430 246 480 ει
269 415 421 481 Dominus
444 417 528 482 dieit:
550 417 614 503 Epo
636 418 765 502 dispono
787 416 873 482 uobis
887 417 966 480 siout
980 415 1138 498 disposuit

210 505 291 569 suilti
314 503 410 570 Putet
431 525 517 572 meus
538 519 732 592 requietioni
754 507 853 570 edatis
869 517 899 570 ot
913 503 1024 570 bibulis
1038 525 1136 588 super

208 613 352 659 inensam
375 608 476 660 meum
499 595 532 659 iu
555 615 647 681 reptio
670 595 843 674 uteo,Luo.,
865 594 919 674 Ὦ,
949 593 1001 659 stt.
1039 593 1135 675 Quod

210 683 337 768 quidem
373 683 412 748 de
434 685 586 770 corporali
624 684 693 749 eibo
732 684 780 748 vel
821 697 894 771 potu
930 703 993 748 nou
1032 695 1135 783 potest

206 772 350 857 intelligi,
372 772 427 836 sed
451 773 504 838 tle
512 793 550 838 eo
574 773 668 860 quiin
686 793 791 838 menso
807 774 973 858 sapientiae
988 771 1135 848 sumitur,

208 860 249 925 de
273 880 335 947 quo
357 882 374 926 a
397 863 545 948 snpientia
569 863 688 928 dieitur.
715 862 997 945 Comeditepuuem
1018 880 1133 937 meum,
1219 923 1220 934 ,

208 961 240 1012 ει
264 949 355 1014 bibite
379 952 483 1015 uiuunt
505 953 588 1035 quod
608 953 718 1016 mistui
738 951 834 1029 vobit,
858 950 1004 1015 Proterb.
1037 949 1068 1026 9,
1099 949 1129 1014 5.

210 1037 310 1125 Super
333 1059 471 1104 mensum
496 1060 570 1124 ergo
593 1041 650 1105 Dei
675 1041 860 1105 manducant
876 1054 906 1104 et
922 1039 1040 1113 bibunt,
1055 1039 1130 1124 quis

205 1127 319 1192 ‘eadem
333 1127 472 1193 lelioitote
496 1127 641 1194 fruuntur
661 1149 721 1215 quo
737 1131 821 1195 Deus
837 1127 907 1192 lelix
922 1142 978 1208 est,
990 1125 1132 1193 uidentes

202 1236 281 1286 ,eum
306 1216 358 1281 illo
382 1217 477 1282 modo
499 1237 561 1304 quo
584 1220 648 1306 ipse
669 1218 751 1284 videt
772 1219 919 1306 seipsum.

527 1395 713 1461 *ottus
752 1395 812 1460 Lll.

252 1574 340 1654 Quod
362 1574 451 1638 nulla
474 1585 579 1638 ereata
601 1573 775 1639 substantia
795 1582 896 1656 potest
912 1554 971 1636 suu
985 1573 1134 1636 naturali

291 1664 405 1727 uirtute
426 1665 587 1746 pervenite
609 1663 652 1728 ιιι
673 1663 840 1727 uidendum
863 1661 963 1788 [leuitt
993 1681 1052 1746 per
1081 1681 1132 1724 ee-

291 1751 433 1816 sentiunt

266 1926 334 1993 Non
358 1939 404 1991 est
428 1941 531 1992 autent
555 1928 699 2014 possibile
722 1928 803 2014 quod
829 1928 867 1992 ud
891 1929 983 1993 istum
1000 1926 1129 1992 visionis

201 2015 323 2081 divinoe
346 2015 475 2081 modum
496 2016 598 2103 aliquo
621 2031 721 2082 orento
749 2019 918 2083 substantia
953 2037 990 2082 ει
1013 2018 1129 2081 virtute

199 2107 325 2192 ριοριιιι
349 2106 444 2192 possit
467 2107 626 2191 attingere.

268 2193 359 2276 Quod
383 2194 466 2260 enini
490 2209 536 2259 est
558 2193 724 2282 superioris
742 2208 869 2260 naturae
885 2193 1045 2282 proprium
1062 2213 1127 2258 non

200 2297 302 2367 potest
324 2284 470 2386 consequi
494 2296 602 2348 notutu
627 2282 764 2362 inferior,
792 2285 848 2350 nisi
879 2305 934 2371 ρει
972 2283 1127 2348 ontionem

202 2371 369 2457 superioris
393 2387 521 2437 naturae
543 2371 630 2456 cujus
652 2387 699 2437 ost
726 2373 900 2475 proprium,
934 2373 1011 2438 siout
1045 2392 1127 2456 aqua

201 2479 265 2524 non
289 2474 479 2554 potestesse
512 2460 611 2526 oulidu
635 2461 691 2524 nisi
708 2482 763 2548 per
786 2463 938 2526 sotionem
961 2461 1050 2546 ignis.
1076 2460 1128 2528 lli-

201 2548 276 2614 dete
299 2563 402 2615 autent
426 2550 528 2614 Deum
563 2569 618 2636 ρει
656 2550 754 2634 ipsam
788 2551 924 2615 divinam
959 2551 1126 2618 essentiam

198 2651 246 2702 ost
270 2641 430 2740 propriu-m
454 2652 582 2704 natutae
605 2637 737 2716 divinoe,
754 2641 874 2739 operari
890 2651 993 2704 outoni
1014 2659 1127 2710 seouu·

199 2727 274 2792 dum
299 2729 455 2830 propriant
481 2727 612 2792 formum
628 2741 674 2792 est
697 2729 856 2814 proprium
872 2727 1034 2814 cujuslibet
1049 2747 1128 2814 ope·

198 2819 303 2881 tantis.
328 2816 416 2882 Nullo
447 2818 541 2901 igitur
575 2815 789 2882 intellectualis
822 2817 991 2882 substantio
1025 2833 1126 2919 potest

146 2943 147 2948 κ
198 2905 303 2970 videte
333 2905 433 2970 Deum
459 2923 514 2990 ρει
536 2906 633 2992 ipsum
670 2905 806 2970 divinum
844 2907 1029 3022 ειιειιιιιιιιι,Ι
1067 2907 1127 2971 nisi
1219 2943 1220 2970 1

196 2993 265 3114 ileo
279 2996 337 3060 lino
360 2993 501 3060 faciente.

247 3082 413 3185 Amplius,
436 3083 548 3148 Forma
572 3081 836 3170 olioujusproptio
852 3103 914 3148 non
939 3083 971 3147 lit
987 3081 1126 3183 ulterius,

135 3255 137 3260 Δ
196 3172 255 3236 uisi
278 3192 317 3238 eo
340 3185 460 3258 agente
484 3189 579 3256 agens
601 3173 685 3236 enim
709 3173 779 3237 l'ooit
794 3171 851 3236 sibi
868 3171 1001 3246 similes
994 3191 1125 3257 inquan-

196 3275 262 3324 tum
286 3260 418 3326 lormam
442 3281 531 3326 suain
555 3259 641 3326 alteri
658 3262 876 3326 eommunicet.
890 3261 1001 3327 Videte
1017 3275 1123 3326 autem

189 3349 396 3415 substantium
423 3349 481 3414 Dei
516 3349 705 3436 impossibile
739 3365 785 3415 est
819 3349 878 3414 nisi
916 3351 982 3435 ipsa
1016 3349 1122 3414 divino

190 3443 324 3512 essentia
347 3442 385 3508 sit
409 3439 522 3503 surina
533 3438 706 3518 intellectus
731 3458 793 3537 quo
818 3439 968 3524 intelligit,
992 3453 1025 3502 ut
1052 3459 1121 3526 pro-

193 3525 299 3592 batum
323 3541 377 3593 est.
403 3511 600 3612 Impossibile
619 3529 665 3591 est
699 3529 791 3614 igitur
814 3529 915 3613 quod
922 3527 1024 3620 aliquo
1048 3531 1123 3594 sub·
