2514 3972
228 217 296 286 554
456 239 514 286 tta.
537 240 580 288 ιιι.
603 238 668 286 car.
691 237 771 288 tur.
793 237 829 284 nr
853 237 919 286 ιιι.

287 307 437 396 Amplius,
463 307 542 376 Cum
565 309 615 374 fen
648 308 726 374 nihil
765 305 850 374 aliud
882 308 922 374 sit
951 325 1048 394 quom
1072 306 1152 377 ratio

222 399 327 485 operis
350 396 518 482 cujuslibet
540 415 646 464 autem
669 397 772 485 operis
794 397 874 464 ratio
897 394 994 462 afinc
1008 411 1154 464 sumatur

221 487 262 551 ab
285 506 324 552 eo
346 488 561 574 unusquisque
584 486 660 572 legis
697 505 794 573 capax
827 485 955 573 suscipit
990 484 1096 570 legem
1134 507 1153 552 a

221 595 284 662 quo
308 573 348 640 ad
371 575 467 641 finem
492 575 683 663 perducitur;
704 575 786 642 sicut
808 573 938 642 inferior
960 573 1074 640 artifex
1110 575 1153 642 ab

221 664 430 730 architectona
454 677 485 730 ct
507 664 597 730 miles
620 685 638 730 a
660 663 740 730 duce
755 663 916 730 exercitus.
928 662 992 729 Sed
1007 675 1152 729 creatura

221 753 379 819 rationalis
402 752 498 818 finem
520 775 612 820 suum
636 753 780 820 ultimum
816 753 848 818 in
880 753 948 819 Deo
986 765 1018 817 ct
1040 772 1058 816 a
1081 751 1152 817 Deo

221 842 432 928 consequitur,
465 855 499 907 ut
518 861 555 908 cr
578 842 790 929 superioribus
824 855 915 928 patet
953 841 1023 928 Fuit
1057 841 1154 926 igitur

221 931 410 996 conveniens
434 952 452 996 a
477 931 545 997 Deo
568 931 670 1016 legem
694 930 873 998 hominibus
903 931 981 996 dari.

287 1019 365 1085 Hinc
387 1032 433 1085 est
455 1020 540 1105 quod
563 1019 684 1085 dicitur:
724 1019 813 1086 Dolo
844 1021 941 1105 lepem
976 1038 1079 1084 mcum
1120 1020 1155 1084 ira

224 1107 393 1174 uisceribus
415 1129 532 1189 eorum,
568 1109 695 1185 leram..
718 1108 772 1188 at,
796 1108 851 1186 553
877 1123 916 1174 et:
943 1107 1089 1177 Scribam
1125 1111 1155 1174 ci

221 1199 410 1282 multiplices
432 1199 514 1285 lepcs
536 1217 638 1277 meac,¹
656 1195 756 1264 Oseac
778 1197 811 1275 8,
827 1198 878 1264 ff.

531 1373 707 1441 CAPUT
747 1374 838 1444 CXV.

225 1603 229 1610 .
351 1553 441 1636 Quod
464 1553 643 1619 leodiciae
661 1554 885 1638 principaliter
905 1552 1034 1620 ordirmt

511 1643 667 1708 leunsinem
689 1643 723 1707 in
746 1643 856 1708 Deum.

289 1819 333 1884 Er
356 1819 416 1884 hoc
438 1832 541 1886 autem
563 1821 646 1886 sumi
669 1833 769 1907 potest
791 1819 830 1886 ad
854 1819 929 1907 quid
953 1819 1002 1888 lex
1038 1820 1151 1888 divini·

225 1921 273 1974 tus
296 1908 366 1974 data
391 1909 599 1996 principaliter
621 1909 736 1975 tendat.

282 1996 478 2062 Manifestum
501 2012 547 2063 cst
569 1999 655 2064 enim
677 1996 763 2085 quod
786 1997 1001 2085 unusquisque
1025 1997 1151 2084 legisla-

224 2098 273 2150 tor
296 2085 335 2152 ad
358 2107 449 2152 suurn
473 2085 567 2152 finem
591 2087 802 2175 principaliter
825 2107 881 2174 par
904 2086 987 2170 leges
1004 2087 1151 2156 homines

224 2175 358 2261 dirigere
381 2175 523 2254 intendit,
544 2177 622 2242 sicut
645 2176 708 2242 dux
735 2179 890 2242 exercitus
914 2175 954 2246 ad
987 2177 1151 2246 victoriam

225 2276 256 2328 ct
278 2279 380 2330 rector
402 2265 531 2330 civitatis
568 2264 607 2330 ad
645 2283 763 2352 pacem.
787 2265 880 2330 Finis¹
912 2277 1016 2332 autem
1051 2285 1152 2350 quem

224 2352 309 2421 Deus
331 2352 461 2418 intendit
495 2365 541 2418 est
573 2353 704 2440 ipsemet
725 2353 819 2420 Deus.
844 2354 905 2420 Lex
928 2353 1020 2439 igitur
1042 2354 1152 2424 divina

225 2440 386 2506 hominem
409 2442 616 2529 principaliter
639 2444 669 2508 in
693 2442 794 2510 Deum
818 2444 962 2527 ordinare
984 2441 1129 2512 intendit.

289 2529 409 2604 Adhuc,
431 2530 496 2597 ch
517 2532 597 2598 sicut
618 2531 734 2599 dictum
751 2545 865 2610 estest
887 2531 1045 2618 quaedam
1068 2533 1151 2600 ratio

224 2616 347 2684 divinae
368 2619 579 2706 providentias
602 2619 963 2706 gubernantisrationali
985 2635 1152 2690 creaturae
1246 2615 1247 2632 ¹

224 2708 1151 2868 tttlttffnt“lituu''dli“ttflfdtti:

224 2817 328 2952 datalia
344 2817 447 2951 ¹lrorno
484 2885 523 2952 ad
542 2907 635 2953 suurn
659 2887 753 2953 finam
782 2819 953 2974 {raccigtie
976 2888 1151 2960 ordinatur.

224 2975 307 3042 Finis
330 2989 435 3041 autem
458 2976 613 3042 humanae
634 2989 854 3042 creaturacest
876 2976 1046 3044 adhaerere
1069 2977 1151 3056 Dcor

224 3063 256 3128 in
279 3064 340 3130 hoo
361 3065 444 3130 enim
468 3063 595 3131 felicitas
617 3064 685 3151 ejus
706 3065 856 3143 consistit,
872 3077 1011 3151 utsupra
1028 3066 1151 3154 (cdl)

225 3165 383 3219 ostensum
406 3166 462 3219 cst.
485 3153 531 3219 td
555 3155 614 3220 hoc
637 3155 730 3240 igitur
753 3153 961 3242 principaliter
971 3153 1021 3222 lex
1036 3155 1151 3226 diviua

225 3242 385 3308 hominem
408 3243 513 3328 dirigit
537 3257 569 3309 ut
591 3244 671 3308 Deo·
687 3242 866 3310 adhaereat.
908 3305 911 3312 .
964 3303 968 3316 ,

290 3332 439 3420 Amplius,
462 3331 594 3398 intentio
617 3330 783 3417 cujustibet
809 3329 992 3417 legislatoris
1025 3347 1073 3400 est
1094 3353 1151 3402 eos

225 3420 338 3507 quibus
375 3421 477 3506 lagena
515 3421 567 3487 dat
604 3419 706 3486 facere
742 3420 960 3502 bonos-uude
1004 3438 1150 3512 raacepts

226 3509 302 3594 legis
325 3508 439 3576 debent
462 3528 530 3576 esse
553 3508 592 3577 de
618 3510 738 3578 actibus
775 3508 935 3592 virtutum,
970 3442 1017 3580 tfti
1049 3513 1149 3600 igitur
