2452 3970
210 224 273 295 l38
451 249 506 294 tte.
530 248 571 294 m.
596 249 658 294 cte.
682 247 940 297 reviruerunt.

208 317 311 384 omnia
334 317 441 384 saltem
464 320 519 384 ista
543 318 710 384 materialia
745 317 931 402 cognoverit.
965 315 1026 381 Sed
1061 317 1132 384 lroe

208 429 270 474 non
293 419 392 492 potest
415 408 510 472 homo
534 408 652 492 assequi
678 428 732 493 per
754 406 895 471 scientias
911 406 1127 492 speculativos,

207 495 319 584 quibus
341 496 373 560 in
396 496 453 562 bac
477 497 535 561 vita
555 499 715 560 ,veritatem
738 495 963 579 cognoscimus.
987 495 1053 560 Nou
1077 509 1127 561 est

207 587 300 671 igitur
321 585 466 672 possibile
488 585 572 670 quod
595 585 701 650 ultima
723 583 850 650 felicitas
873 583 1007 649 hominis
1029 584 1067 650 sit
1092 587 1125 650 in

208 676 266 742 hae
289 674 358 739 vita.
1058 711 1061 716 ‚

273 763 402 850 Propter
425 763 479 827 has
503 775 606 827 autem
628 775 660 827 et
683 761 861 848 hujusmodi
887 761 1031 839 rationes,
1054 762 1129 827 Ale·

206 852 323 918 xander
346 866 378 916 et
399 849 570 916 rluerrboes
595 865 763 936 posuerunt
786 851 925 916 ultimam
947 848 1127 916 felicitatem
1209 885 1210 892 ε

206 941 340 1008 bominis
363 961 426 1004 non
449 959 517 1004 esse
540 941 570 1004 in
595 941 770 1024 cognitione
794 941 928 1004 humana
962 960 1044 1025 quae
1077 955 1128 1006 est

206 1051 262 1118 per
284 1029 426 1094 scientius
449 1030 660 1118 speculativas,
693 1028 747 1093 sed
773 1048 827 1114 per
860 1027 1127 1094 continuationem

206 1139 277 1185 eum
300 1117 468 1183 substantia
490 1131 640 1205 separata,
663 1137 757 1204 quam
780 1137 847 1182 esse
870 1115 1037 1182 credebant
1053 1139 1127 1204 pos·

206 1208 327 1274 sibilent
353 1207 469 1272 bomini
497 1206 527 1271 in
552 1209 610 1270 bae
632 1207 700 1270 vita.
725 1206 804 1288 Quia
841 1226 912 1270 vero
947 1207 1127 1272 Aristoteles

207 1297 281 1362 vidit
302 1295 427 1381 (Echio,
452 1296 503 1372 lli,
525 1316 551 1360 c.
577 1296 634 1378 tlt)
657 1296 740 1380 quod
763 1315 825 1360 troo
849 1309 894 1360 est
916 1293 974 1360 alie
990 1297 1128 1380 cognitio

206 1387 340 1452 hominis
363 1385 393 1449 in
418 1387 475 1450 bac
498 1385 557 1448 vita
581 1405 672 1470 quam
686 1405 741 1470 per
756 1385 897 1448 scientias
912 1384 1129 1470 speculativas,

206 1475 307 1561 posuit
330 1473 490 1538 hominem
512 1493 574 1538 non
597 1473 742 1559 consequi
760 1472 934 1538 felicitatem
948 1471 1134 1558 perfectam,

206 1563 259 1628 sed
283 1584 340 1628 suo
363 1563 469 1627 modo.
494 1561 526 1626 ln
550 1583 611 1648 quo
634 1561 707 1627 satis
742 1575 869 1647 apparet
902 1575 1049 1647 quautam
1074 1583 1130 1627 an-

208 1654 340 1737 gustiam
364 1652 558 1738 patiebantur
581 1651 653 1716 ltine
679 1651 872 1715 indecorum
897 1650 1052 1736 praeclare
1077 1653 1127 1716 in·

205 1742 306 1825 genia3
329 1762 345 1804 a
370 1739 481 1826 quibus
505 1741 651 1823 angustiis
674 1736 885 1818 liberabimur,
913 1740 937 1804 si
962 1759 1128 1826 ponamus,

204 1829 376 1894 secundum
393 1828 588 1915 probationes
601 1830 794 1913 praemissae,
807 1829 948 1894 immines
964 1827 1003 1893 ad
1020 1849 1126 1894 reram

205 1918 381 1983 felicitatem
404 1929 472 2002 post
495 1917 575 1980 bene
599 1917 690 1981 vitam
714 1918 875 2003 pervenire
898 1937 1000 2004 posse,
1022 1919 1128 1984 anima

205 2007 339 2072 bominis
363 2005 529 2070 immortali
554 2004 712 2083 existente3
747 2007 777 2070 in
812 2026 875 2092 quo
909 2019 989 2070 statu
1023 2009 1128 2072 anima

204 2095 353 2180 intelliget
378 2113 432 2180 per
470 2093 599 2158 modum
634 2113 695 2179 quo
730 2094 904 2182 intelligunt
936 2095 1128 2161 substantiae

203 2198 371 2271 separatae,
394 2181 472 2248 sicut
498 2195 656 2247 ostensum
691 2196 737 2248 est
770 2183 815 2269 (l.
840 2183 871 2260 f,
894 2205 923 2249 e.
946 2183 1026 2267 8l).
1061 2184 1127 2249 Erit

204 2275 297 2358 igitur
320 2271 426 2337 ultima
461 2270 589 2336 felicitas
624 2272 759 2336 bominis
793 2273 823 2336 in
858 2273 1033 2358 cognitione
1068 2274 1129 2339 Dei

204 2381 298 2449 quam
322 2361 415 2426 babet
438 2359 573 2426 bumana
599 2380 688 2424 utens
724 2373 791 2446 post
829 2361 909 2426 hanc
943 2363 1036 2426 uitam
1071 2384 1127 2448 per

205 2450 333 2515 modurn
356 2467 418 2534 quo
441 2448 540 2535 ipsum
554 2465 743 2533 cognoscunt
758 2448 944 2515 substantiae
955 2467 1127 2536 separatae.

205 2538 333 2625 Propter
356 2538 438 2623 quod
462 2538 613 2604 Dominus
648 2538 817 2602 mercedem
840 2540 872 2602 m
905 2541 1000 2604 coelis
1034 2539 1125 2606 nobis

204 2627 365 2714 promittit,
386 2627 502 2704 March,
525 2628 555 2706 b,
579 2640 608 2690 et
631 2626 800 2690 Matthaeus
822 2626 894 2702 dicit
921 2627 1004 2714 quod
1027 2631 1125 2693 sancti

204 2728 293 2781 erunt
314 2715 393 2781 sicttt
414 2715 534 2800 Anpefi,
556 2715 609 2789 Ὦ,
634 2715 686 2793 50,
702 2715 754 2801 qui
768 2716 876 2782 vident
889 2717 990 2784 Deum
1004 2737 1127 2801 semper

203 2808 237 2870 m
258 2807 362 2884 coelis,
386 2818 419 2870 ut
441 2805 553 2870 dieitur
585 2803 701 2883 llattb,
723 2804 778 2882 -l8,
804 2805 854 2870 tlt.
912 2819 915 2824 ’

514 2979 682 3048 CAPUT
719 2981 821 3046 XLlX.

216 3168 218 3172 '
250 3159 340 3238 Quod
361 3157 553 3224 substantioe
586 3169 751 3242 seporotoe
783 3179 845 3224 nort
882 3161 987 3225 eidem
1023 3161 1123 3225 Deum

288 3268 348 3332 per
371 3249 544 3327 essentiam,
560 3269 597 3314 mc
611 3249 667 3314 boc
682 3249 764 3332 quod
779 3260 962 3334 cognoscunt
977 3269 1044 3314 eom
1065 3269 1123 3332 per

295 3355 369 3401 suos
385 3339 544 3402 essentiae.

269 3509 398 3600 Oportet
421 3526 521 3578 autem
545 3513 702 3600 inquirere
730 3525 831 3580 utrum
856 3513 933 3579 haec
969 3514 1032 3602 ipsa
1068 3533 1121 3579 cos
