2514 3972
212 314 214 318 ,
355 268 400 312 ura
435 268 478 312 ιιι.
503 267 565 312 cta.
588 265 668 313 xcix.
692 263 727 308 nr
751 266 777 310 e.
967 247 1030 312 5ll

106 354 175 400 sum
200 333 240 398 sit
264 334 349 420 quod
374 357 482 402 omncs
504 350 663 402 creaturae
686 333 861 420 corporales
899 335 936 398 ad
975 357 1030 400 na·

105 436 206 488 turam
232 423 472 490 intellectualem
496 426 676 490 ordinantur
699 421 930 509 quodammodo
953 425 1031 492 sicut

105 511 135 576 in
159 511 270 576 finem.
295 513 392 599 lpsius
417 527 520 579 autem
543 512 754 579 intellectualis
792 523 922 576 naturae
960 513 1030 578 finis

106 613 150 665 cst
172 600 281 666 divina
305 603 450 686 cognitio,
473 617 504 668 ut
530 603 559 667 in
577 600 787 689 superioribus
803 613 1030 668 estoetensum.

105 688 171 754 Nou
195 705 244 756 est
269 711 344 775 ergo
370 691 484 756 mirum
508 692 545 770 si,
568 692 605 756 ad
644 689 851 774 cognitionem
887 689 926 754 de
962 689 1028 756 Deo

104 778 306 845 intellectuali
329 793 458 845 naturae
481 779 703 868 praebendam,
725 779 764 844 sit
787 778 887 864 aliqua
900 781 1029 846 mutatio

104 867 134 930 iu
157 881 272 934 natura
297 869 458 955 corporali.

446 995 615 1110 clrur
654 1044 687 1110 c.

107 1219 198 1299 Quod
221 1240 260 1286 ea
284 1241 362 1305 quac
386 1221 469 1286 Deus
488 1231 617 1306 praeter
643 1231 776 1292 acturae
798 1220 938 1286 ordinem
953 1219 1029 1304 [ecit

327 1331 388 1375 nort
420 1323 492 1376 suttl
512 1321 621 1375 contro
650 1321 807 1374 acturum.
864 1373 865 1376 ,

171 1485 440 1568 Considerandum
464 1501 567 1553 tamen
592 1486 711 1552 videtur
734 1486 828 1570 quod,
851 1485 921 1550 licet
944 1487 1027 1551 Deus

105 1572 264 1640 interdum
289 1591 410 1662 praeter
444 1577 584 1642 ordinem
618 1576 711 1640 rebus
744 1574 874 1639 inditum
912 1574 1027 1662 aliquid

106 1677 263 1748 operetur,
286 1665 362 1730 nihil
386 1678 489 1729 tamen
512 1665 582 1730 lacit
605 1681 710 1729 contra
742 1676 894 1728 naturam.

172 1751 252 1817 Cum
277 1755 359 1819 enim
383 1754 467 1819 Deus
490 1755 528 1819 sit
557 1766 641 1818 actus
673 1771 777 1839 purus,
816 1751 918 1817 onmia
953 1771 1026 1816 uero

108 1838 164 1904 alia
190 1841 328 1906 habeant
353 1843 468 1929 aliquid
492 1844 531 1908 de
555 1842 689 1930 potentio
713 1839 894 1920 admixtum,
906 1855 1027 1928 oportet

107 1927 189 2010 quod
213 1930 299 1995 Deus
322 1945 518 2018 comparetur
541 1931 579 1996 ad
603 1931 706 1996 omnic
736 1930 813 1995 sicut
836 1949 963 1996 movens
986 1929 1025 1996 ad

107 2031 226 2082 motum
252 2032 283 2083 et
306 2021 436 2084 activum
462 2021 544 2086 adid
567 2020 651 2107 quod
664 2034 709 2084 est
724 2019 756 2082 in
772 2020 918 2102 potentia.
935 2017 1027 2100 Quod

107 2118 209 2170 autem
235 2111 335 2172 estin
360 2112 506 2196 potentia,
529 2109 700 2176 secundum
725 2107 866 2182 ordinem
904 2121 1028 2174 notura·

105 2190 177 2272 lem,
202 2209 347 2283 respectu
387 2198 516 2282 alicujus
540 2198 668 2281 agentis,
691 2197 714 2261 si
732 2194 847 2281 aliquid
870 2195 1028 2281 imprima-

107 2291 155 2345 tur
178 2282 210 2347 in
239 2284 339 2370 ipsum
362 2285 403 2351 ab
429 2287 481 2351 illo
504 2307 566 2351 uon
589 2299 634 2349 est
657 2295 762 2349 contra
790 2297 931 2348 naturam
954 2285 1027 2349 sim·

108 2369 228 2452 pliciter
251 2374 313 2458 (l),
336 2375 392 2440 etsi
416 2376 454 2439 sit
477 2372 643 2460 aliquando
666 2376 819 2437 contrario
853 2373 1027 2460 particulari

107 2455 226 2525 lormae
249 2481 329 2547 quae
353 2463 560 2550 corrumpitur
586 2482 640 2550 per
663 2461 816 2526 actionem
839 2461 1028 2547 hujusmodi3

108 2563 177 2612 cum
204 2551 289 2616 enim
314 2566 480 2636 generatur
504 2552 582 2636 ignis
606 2563 636 2615 ει
658 2550 865 2636 corrumpitur
881 2570 934 2616 aer
957 2551 1028 2636 igne
1087 2614 1092 2631 ,

107 2650 230 2719 agente,
254 2652 300 2703 εει
322 2641 480 2724 generatio
504 2655 534 2705 ει
560 2640 716 2726 corruptio
739 2639 894 2704 naturalis.
929 2640 1025 2722 Quid-

107 2725 181 2808 quid
206 2727 300 2812 igitur
321 2749 338 2793 a
362 2729 429 2794 Deo
453 2729 486 2794 ιιι
509 2730 539 2792 in
563 2729 656 2794 rebus
679 2726 789 2792 creatis
812 2747 875 2792 nou
898 2743 1027 2794 cstcou-

107 2823 151 2877 tra
174 2829 331 2892 naturam,
370 2819 425 2882 etsi
466 2817 605 2882 videatur
643 2837 711 2881 εεεε
744 2829 851 2880 contra
885 2817 1028 2886 ordinem

108 2904 267 2989 proprium
291 2905 421 2991 alicujus
448 2920 585 2971 naturae.

173 2992 293 3070 Adhuc,
315 2993 391 3059 Cum
417 2994 502 3060 Deus
525 2995 562 3058 sit
585 2994 719 3078 primum
743 3011 838 3077 agens
868 3004 900 3057 ut
934 3015 1026 3081 supra

108 3075 143 3161 (l.
170 3081 199 3154 l,
223 3102 249 3147 c.
275 3084 316 3147 13
340 3096 370 3146 et
394 3082 413 3147 l.
438 3084 470 3156 2,
511 3103 537 3147 c.
577 3082 612 3164 6)
650 3095 808 3146 οειειιειιιιι
833 3096 888 3158 εει,
923 3085 1026 3150 omnia

108 3183 186 3249 quae
199 3184 270 3235 sunt
283 3185 350 3257 post
363 3171 463 3258 ipsum
476 3184 547 3236 sunt
559 3170 644 3256 quasi
661 3170 813 3255 quaedam
826 3170 1028 3238 instrumenta

108 3252 212 3338 ipsius.
237 3259 281 3324 Ad
305 3261 364 3327 hoc
386 3273 488 3325 autem
513 3272 585 3325 sunt
607 3260 809 3325 instrumenta
836 3260 970 3324 instituta
994 3275 1027 3328 ut

159 3391 199 3462 (l)
217 3393 334 3463 lntellige
353 3397 423 3464 quod
442 3411 494 3448 non
513 3404 553 3448 εει
570 3401 661 3448 contra
680 3404 801 3450 naturam
829 3398 979 3468 simpliciter
996 3409 1027 3454 ut

109 3459 204 3529 aliquid
223 3467 390 3536 imprimatur
407 3469 435 3519 in
453 3469 539 3538 ipsum
558 3467 639 3537 (quod
656 3474 696 3519 εει
714 3471 741 3522 in
769 3472 898 3542 potentia)
929 3472 962 3524 ab
980 3473 1024 3526 illo

111 3526 233 3606 ingente),
251 3543 372 3608 respectu
390 3539 465 3607 cujus
484 3539 567 3592 estin
585 3539 710 3609 potentia.
