<?xml version="1.0" encoding="UTF-8"?>
<!DOCTYPE html PUBLIC "-//W3C//DTD XHTML 1.0 Transitional//EN"
    "http://www.w3.org/TR/xhtml1/DTD/xhtml1-transitional.dtd">
<html xmlns="http://www.w3.org/1999/xhtml" xml:lang="en" lang="en">
 <head>
  <title>
</title>
<meta http-equiv="Content-Type" content="text/html;charset=utf-8" />
  <meta name='ocr-system' content='tesseract 3.04.00' />
  <meta name='ocr-capabilities' content='ocr_page ocr_carea ocr_par ocr_line ocrx_word'/>
</head>
<body>
  <div class='ocr_page' id='page_1' title='image "./sanctithomaeaqu00thomgoog_0386.png"; bbox 0 0 2514 3972; ppageno 0'>
   <div class='ocr_carea' id='block_1_1' title="bbox 127 237 1084 3432">
    <p class='ocr_par' dir='ltr' id='par_1_1' title="bbox 136 237 1058 584">
     <span class='ocr_line' id='line_1_1' title="bbox 448 237 1051 304; baseline 0.012 -7"><span class='ocrx_word' id='word_1_1' title='bbox 448 251 505 297; x_wconf 83' lang='lat' dir='ltr'><strong>tta.</strong></span> <span class='ocrx_word' id='word_1_2' title='bbox 528 259 570 298; x_wconf 85' lang='lat' dir='ltr'><strong>nr.</strong></span> <span class='ocrx_word' id='word_1_3' title='bbox 594 252 658 298; x_wconf 81' lang='lat' dir='ltr'><strong>car.</strong></span> <span class='ocrx_word' id='word_1_4' title='bbox 681 253 768 301; x_wconf 81' lang='lat' dir='ltr'><strong>extr.</strong></span> <span class='ocrx_word' id='word_1_5' title='bbox 988 237 1051 304; x_wconf 79' lang='grc'><strong>381</strong></span> 
     </span>
     <span class='ocr_line' id='line_1_2' title="bbox 138 319 1057 409; baseline 0.005 -22"><span class='ocrx_word' id='word_1_6' title='bbox 138 319 315 388; x_wconf 89' lang='lat' dir='ltr'><strong>ordinatum</strong></span> <span class='ocrx_word' id='word_1_7' title='bbox 339 333 386 386; x_wconf 90' lang='lat' dir='ltr'><strong>est</strong></span> <span class='ocrx_word' id='word_1_8' title='bbox 409 319 528 408; x_wconf 88' lang='lat' dir='ltr'><strong>legibus</strong></span> <span class='ocrx_word' id='word_1_9' title='bbox 553 323 635 409; x_wconf 92' lang='lat' dir='ltr'><strong>quod</strong></span> <span class='ocrx_word' id='word_1_10' title='bbox 659 337 761 388; x_wconf 90' lang='lat' dir='ltr'><strong>certae</strong></span> <span class='ocrx_word' id='word_1_11' title='bbox 777 342 927 409; x_wconf 89' lang='lat' dir='ltr'><strong>personae</strong></span> <span class='ocrx_word' id='word_1_12' title='bbox 950 331 968 390; x_wconf 81' lang='lat' dir='ltr'><strong>a</strong></span> <span class='ocrx_word' id='word_1_13' title='bbox 991 346 1057 392; x_wconf 85' lang='lat' dir='ltr'><strong>nta-</strong></span> 
     </span>
     <span class='ocr_line' id='line_1_3' title="bbox 136 410 1058 500; baseline 0.007 -23"><span class='ocrx_word' id='word_1_14' title='bbox 136 411 284 477; x_wconf 90' lang='lat' dir='ltr'><strong>trimonio</strong></span> <span class='ocrx_word' id='word_1_15' title='bbox 307 410 522 488; x_wconf 81' lang='lat' dir='ltr'><strong>excludantur,</strong></span> <span class='ocrx_word' id='word_1_16' title='bbox 544 427 624 498; x_wconf 86' lang='lat' dir='ltr'><strong>quae</strong></span> <span class='ocrx_word' id='word_1_17' title='bbox 636 412 807 478; x_wconf 90' lang='lat' dir='ltr'><strong>secundum</strong></span> <span class='ocrx_word' id='word_1_18' title='bbox 820 415 971 500; x_wconf 80' lang='lat' dir='ltr'><strong>originem</strong></span> <span class='ocrx_word' id='word_1_19' title='bbox 986 429 1058 482; x_wconf 91' lang='lat' dir='ltr'><strong>sunt</strong></span> 
     </span>
     <span class='ocr_line' id='line_1_4' title="bbox 136 497 332 584; baseline -0.01 -18"><span class='ocrx_word' id='word_1_20' title='bbox 136 497 332 584; x_wconf 85' lang='lat' dir='ltr'><strong>conjunctae.</strong></span> 
     </span>
    </p>

    <p class='ocr_par' dir='ltr' id='par_1_2' title="bbox 135 587 1057 1119">
     <span class='ocr_line' id='line_1_5' title="bbox 203 587 1054 678; baseline 0.005 -25"><span class='ocrx_word' id='word_1_21' title='bbox 203 587 292 668; x_wconf 88' lang='lat' dir='ltr'><strong>Nam,</strong></span> <span class='ocrx_word' id='word_1_22' title='bbox 315 607 386 654; x_wconf 91' lang='lat' dir='ltr'><strong>cum</strong></span> <span class='ocrx_word' id='word_1_23' title='bbox 409 588 440 654; x_wconf 92' lang='lat' dir='ltr'><strong>in</strong></span> <span class='ocrx_word' id='word_1_24' title='bbox 464 587 662 654; x_wconf 89' lang='lat' dir='ltr'><strong>matrimonio</strong></span> <span class='ocrx_word' id='word_1_25' title='bbox 684 591 722 654; x_wconf 88' lang='lat' dir='ltr'><strong>sit</strong></span> <span class='ocrx_word' id='word_1_26' title='bbox 756 588 947 656; x_wconf 84' lang='lat' dir='ltr'><strong>diversarum</strong></span> <span class='ocrx_word' id='word_1_27' title='bbox 987 612 1054 678; x_wconf 85' lang='lat' dir='ltr'><strong>per·</strong></span> 
     </span>
     <span class='ocr_line' id='line_1_6' title="bbox 135 677 1055 764; baseline 0.004 -22"><span class='ocrx_word' id='word_1_28' title='bbox 135 695 284 744; x_wconf 86' lang='lat' dir='ltr'><strong>sonarum</strong></span> <span class='ocrx_word' id='word_1_29' title='bbox 307 677 493 764; x_wconf 82' lang='lat' dir='ltr'><strong>conjunctio,</strong></span> <span class='ocrx_word' id='word_1_30' title='bbox 516 677 585 742; x_wconf 87' lang='lat' dir='ltr'><strong>illae</strong></span> <span class='ocrx_word' id='word_1_31' title='bbox 609 697 759 764; x_wconf 79' lang='lat' dir='ltr'><strong>personae</strong></span> <span class='ocrx_word' id='word_1_32' title='bbox 782 698 862 764; x_wconf 85' lang='lat' dir='ltr'><strong>qnae</strong></span> <span class='ocrx_word' id='word_1_33' title='bbox 892 680 1006 746; x_wconf 91' lang='lat' dir='ltr'><strong>debent</strong></span> <span class='ocrx_word' id='word_1_34' title='bbox 1021 701 1055 746; x_wconf 88' lang='lat' dir='ltr'><strong>se</strong></span> 
     </span>
     <span class='ocr_line' id='line_1_7' title="bbox 137 768 1055 854; baseline 0.005 -24"><span class='ocrx_word' id='word_1_35' title='bbox 137 780 280 852; x_wconf 89' lang='lat' dir='ltr'><strong>reputare</strong></span> <span class='ocrx_word' id='word_1_36' title='bbox 303 768 391 852; x_wconf 81' lang='lat' dir='ltr'>quasi</span> <span class='ocrx_word' id='word_1_37' title='bbox 427 787 524 832; x_wconf 92' lang='lat' dir='ltr'><strong>unum</strong></span> <span class='ocrx_word' id='word_1_38' title='bbox 559 780 684 854; x_wconf 90' lang='lat' dir='ltr'><strong>propter</strong></span> <span class='ocrx_word' id='word_1_39' title='bbox 721 769 863 832; x_wconf 88' lang='lat' dir='ltr'><strong>eatndern</strong></span> <span class='ocrx_word' id='word_1_40' title='bbox 902 769 1055 854; x_wconf 77' lang='lat' dir='ltr'><strong>originem</strong></span> 
     </span>
     <span class='ocr_line' id='line_1_8' title="bbox 136 855 1054 936; baseline 0.003 -16"><span class='ocrx_word' id='word_1_41' title='bbox 136 855 358 920; x_wconf 80' lang='lat' dir='ltr'><strong>conuenienter</strong></span> <span class='ocrx_word' id='word_1_42' title='bbox 380 876 398 920; x_wconf 89' lang='lat' dir='ltr'><strong>a</strong></span> <span class='ocrx_word' id='word_1_43' title='bbox 421 857 619 921; x_wconf 87' lang='lat' dir='ltr'><strong>matrimonio</strong></span> <span class='ocrx_word' id='word_1_44' title='bbox 656 855 871 936; x_wconf 81' lang='lat' dir='ltr'><strong>excluduntur,</strong></span> <span class='ocrx_word' id='word_1_45' title='bbox 909 871 943 922; x_wconf 89' lang='lat' dir='ltr'><strong>ut</strong></span> <span class='ocrx_word' id='word_1_46' title='bbox 979 857 1054 923; x_wconf 90' lang='lat' dir='ltr'><strong>dum</strong></span> 
     </span>
     <span class='ocr_line' id='line_1_9' title="bbox 136 943 1057 1031; baseline 0.005 -24"><span class='ocrx_word' id='word_1_47' title='bbox 136 963 250 1031; x_wconf 86' lang='lat' dir='ltr'><strong>seper</strong></span> <span class='ocrx_word' id='word_1_48' title='bbox 272 945 332 1010; x_wconf 91' lang='lat' dir='ltr'><strong>hoc</strong></span> <span class='ocrx_word' id='word_1_49' title='bbox 355 943 402 1030; x_wconf 89' lang='lat' dir='ltr'><strong>(l)</strong></span> <span class='ocrx_word' id='word_1_50' title='bbox 427 943 523 1012; x_wconf 83' lang='lat' dir='ltr'><strong>unum</strong></span> <span class='ocrx_word' id='word_1_51' title='bbox 548 963 616 1010; x_wconf 88' lang='lat' dir='ltr'><strong>esse</strong></span> <span class='ocrx_word' id='word_1_52' title='bbox 639 960 874 1031; x_wconf 86' lang='lat' dir='ltr'><strong>recognoscunt,</strong></span> <span class='ocrx_word' id='word_1_53' title='bbox 889 944 1057 1012; x_wconf 75' lang='lat' dir='ltr'><strong>ferventius</strong></span> 
     </span>
     <span class='ocr_line' id='line_1_10' title="bbox 135 1031 407 1119; baseline 0.004 -21"><span class='ocrx_word' id='word_1_54' title='bbox 135 1051 172 1098; x_wconf 91' lang='lat' dir='ltr'><strong>se</strong></span> <span class='ocrx_word' id='word_1_55' title='bbox 186 1031 323 1118; x_wconf 86' lang='lat' dir='ltr'><strong>diligunt</strong></span> <span class='ocrx_word' id='word_1_56' title='bbox 345 1034 407 1119; x_wconf 67' lang='lat' dir='ltr'><strong>(i).</strong></span> 
     </span>
    </p>

    <p class='ocr_par' dir='ltr' id='par_1_3' title="bbox 129 1120 1057 1822">
     <span class='ocr_line' id='line_1_11' title="bbox 203 1120 1055 1207; baseline 0.005 -21"><span class='ocrx_word' id='word_1_57' title='bbox 203 1121 291 1200; x_wconf 87' lang='lat' dir='ltr'><strong>ltem,</strong></span> <span class='ocrx_word' id='word_1_58' title='bbox 313 1121 390 1188; x_wconf 88' lang='lat' dir='ltr'><strong>Cum</strong></span> <span class='ocrx_word' id='word_1_59' title='bbox 413 1142 449 1188; x_wconf 88' lang='lat' dir='ltr'><strong>ea</strong></span> <span class='ocrx_word' id='word_1_60' title='bbox 486 1140 566 1207; x_wconf 83' lang='lat' dir='ltr'><strong>quae</strong></span> <span class='ocrx_word' id='word_1_61' title='bbox 601 1120 681 1186; x_wconf 90' lang='lat' dir='ltr'><strong>inter</strong></span> <span class='ocrx_word' id='word_1_62' title='bbox 719 1122 818 1187; x_wconf 87' lang='lat' dir='ltr'><strong>virum</strong></span> <span class='ocrx_word' id='word_1_63' title='bbox 856 1135 885 1188; x_wconf 86' lang='lat' dir='ltr'><strong>et</strong></span> <span class='ocrx_word' id='word_1_64' title='bbox 923 1143 1055 1190; x_wconf 88' lang='lat' dir='ltr'><strong>ntorum</strong></span> 
     </span>
     <span class='ocr_line' id='line_1_12' title="bbox 136 1210 1057 1297; baseline 0.002 -22"><span class='ocrx_word' id='word_1_65' title='bbox 136 1225 272 1294; x_wconf 88' lang='lat' dir='ltr'><strong>aguntur</strong></span> <span class='ocrx_word' id='word_1_66' title='bbox 294 1211 460 1297; x_wconf 87' lang='lat' dir='ltr'><strong>quamdam</strong></span> <span class='ocrx_word' id='word_1_67' title='bbox 484 1210 655 1276; x_wconf 74' lang='lat' dir='ltr'><strong>naturalem</strong></span> <span class='ocrx_word' id='word_1_68' title='bbox 681 1211 897 1277; x_wconf 78' lang='lat' dir='ltr'><strong>verecundiam</strong></span> <span class='ocrx_word' id='word_1_69' title='bbox 912 1213 1057 1292; x_wconf 85' lang='lat' dir='ltr'><strong>habeam,</strong></span> 
     </span>
     <span class='ocr_line' id='line_1_13' title="bbox 135 1297 1056 1388; baseline 0.003 -23"><span class='ocrx_word' id='word_1_70' title='bbox 135 1300 176 1367; x_wconf 88' lang='lat' dir='ltr'><strong>ab</strong></span> <span class='ocrx_word' id='word_1_71' title='bbox 199 1299 247 1365; x_wconf 88' lang='lat' dir='ltr'><strong>his</strong></span> <span class='ocrx_word' id='word_1_72' title='bbox 270 1315 378 1365; x_wconf 91' lang='lat' dir='ltr'><strong>mutuo</strong></span> <span class='ocrx_word' id='word_1_73' title='bbox 401 1299 528 1386; x_wconf 82' lang='lat' dir='ltr'><strong>agendis</strong></span> <span class='ocrx_word' id='word_1_74' title='bbox 562 1297 629 1364; x_wconf 90' lang='lat' dir='ltr'><strong>illas</strong></span> <span class='ocrx_word' id='word_1_75' title='bbox 664 1319 811 1385; x_wconf 85' lang='lat' dir='ltr'><strong>personas</strong></span> <span class='ocrx_word' id='word_1_76' title='bbox 845 1299 999 1388; x_wconf 84' lang='lat' dir='ltr'><strong>prohiberi</strong></span> <span class='ocrx_word' id='word_1_77' title='bbox 1023 1323 1056 1368; x_wconf 92' lang='lat' dir='ltr'><strong>o-</strong></span> 
     </span>
     <span class='ocr_line' id='line_1_14' title="bbox 136 1388 1056 1476; baseline 0.003 -23"><span class='ocrx_word' id='word_1_78' title='bbox 136 1388 253 1475; x_wconf 86' lang='lat' dir='ltr'><strong>portuit</strong></span> <span class='ocrx_word' id='word_1_79' title='bbox 274 1389 387 1475; x_wconf 89' lang='lat' dir='ltr'><strong>quibus</strong></span> <span class='ocrx_word' id='word_1_80' title='bbox 410 1402 536 1476; x_wconf 88' lang='lat' dir='ltr'><strong>propter</strong></span> <span class='ocrx_word' id='word_1_81' title='bbox 557 1388 807 1473; x_wconf 86' lang='lat' dir='ltr'><strong>conjunctionem</strong></span> <span class='ocrx_word' id='word_1_82' title='bbox 829 1391 987 1474; x_wconf 82' lang='lat' dir='ltr'><strong>sanguinis</strong></span> <span class='ocrx_word' id='word_1_83' title='bbox 1009 1411 1056 1456; x_wconf 90' lang='lat' dir='ltr'><strong>re-</strong></span> 
     </span>
     <span class='ocr_line' id='line_1_15' title="bbox 135 1477 1055 1564; baseline 0.005 -23"><span class='ocrx_word' id='word_1_84' title='bbox 135 1478 272 1544; x_wconf 88' lang='lat' dir='ltr'><strong>verentia</strong></span> <span class='ocrx_word' id='word_1_85' title='bbox 295 1477 435 1543; x_wconf 88' lang='lat' dir='ltr'><strong>debetur.</strong></span> <span class='ocrx_word' id='word_1_86' title='bbox 460 1477 673 1564; x_wconf 81' lang='lat' dir='ltr'><strong>Quaequidem</strong></span> <span class='ocrx_word' id='word_1_87' title='bbox 697 1479 776 1542; x_wconf 89' lang='lat' dir='ltr'><strong>ratio</strong></span> <span class='ocrx_word' id='word_1_88' title='bbox 799 1479 919 1544; x_wconf 91' lang='lat' dir='ltr'><strong>videtur</strong></span> <span class='ocrx_word' id='word_1_89' title='bbox 948 1480 979 1543; x_wconf 92' lang='lat' dir='ltr'><strong>in</strong></span> <span class='ocrx_word' id='word_1_90' title='bbox 1004 1500 1055 1546; x_wconf 86' lang='lat' dir='ltr'><strong>te·</strong></span> 
     </span>
     <span class='ocr_line' id='line_1_16' title="bbox 129 1565 1054 1654; baseline 0.002 -24"><span class='ocrx_word' id='word_1_91' title='bbox 129 1567 192 1632; x_wconf 86' lang='lat' dir='ltr'><strong>teri</strong></span> <span class='ocrx_word' id='word_1_92' title='bbox 216 1565 284 1652; x_wconf 88' lang='lat' dir='ltr'><strong>lege</strong></span> <span class='ocrx_word' id='word_1_93' title='bbox 307 1567 441 1642; x_wconf 86' lang='lat' dir='ltr'><strong>inducta,</strong></span> <span class='ocrx_word' id='word_1_94' title='bbox 465 1582 590 1654; x_wconf 90' lang='lat' dir='ltr'><strong>propter</strong></span> <span class='ocrx_word' id='word_1_95' title='bbox 613 1566 672 1630; x_wconf 89' lang='lat' dir='ltr'><strong>boc</strong></span> <span class='ocrx_word' id='word_1_96' title='bbox 695 1567 778 1652; x_wconf 94' lang='lat' dir='ltr'><strong>quod</strong></span> <span class='ocrx_word' id='word_1_97' title='bbox 817 1568 937 1633; x_wconf 89' lang='lat' dir='ltr'><strong>dicitur:</strong></span> <span class='ocrx_word' id='word_1_98' title='bbox 977 1568 1054 1634; x_wconf 86' lang='lat' dir='ltr'><strong>Tur-</strong></span> 
     </span>
     <span class='ocr_line' id='line_1_17' title="bbox 133 1655 1055 1742; baseline 0.003 -22"><span class='ocrx_word' id='word_1_99' title='bbox 133 1657 309 1742; x_wconf 82' lang='lat' dir='ltr'><strong>pitudt&#39;nem</strong></span> <span class='ocrx_word' id='word_1_100' title='bbox 331 1658 448 1721; x_wconf 82' lang='lat' dir='ltr'><strong>sororis</strong></span> <span class='ocrx_word' id='word_1_101' title='bbox 473 1667 574 1721; x_wconf 84' lang='lat' dir='ltr'><strong>tune...</strong></span> <span class='ocrx_word' id='word_1_102' title='bbox 596 1675 658 1720; x_wconf 84' lang='lat' dir='ltr'><strong>nott</strong></span> <span class='ocrx_word' id='word_1_103' title='bbox 680 1655 842 1736; x_wconf 81' lang='lat' dir='ltr'><strong>revelabis,</strong></span> <span class='ocrx_word' id='word_1_104' title='bbox 872 1655 978 1734; x_wconf 83' lang='lat' dir='ltr'><strong>berit,</strong></span> <span class='ocrx_word' id='word_1_105' title='bbox 1004 1657 1055 1738; x_wconf 88' lang='lat' dir='ltr'><strong>l8,</strong></span> 
     </span>
     <span class='ocr_line' id='line_1_18' title="bbox 135 1744 543 1822; baseline 0 -12"><span class='ocrx_word' id='word_1_106' title='bbox 135 1745 169 1822; x_wconf 81' lang='lat'><strong>93</strong></span> <span class='ocrx_word' id='word_1_107' title='bbox 190 1757 221 1810; x_wconf 89' lang='lat' dir='ltr'><strong>et</strong></span> <span class='ocrx_word' id='word_1_108' title='bbox 243 1744 383 1811; x_wconf 87' lang='lat' dir='ltr'><strong>similiter</strong></span> <span class='ocrx_word' id='word_1_109' title='bbox 405 1745 445 1810; x_wconf 91' lang='lat' dir='ltr'><strong>de</strong></span> <span class='ocrx_word' id='word_1_110' title='bbox 467 1745 543 1812; x_wconf 85' lang='lat' dir='ltr'><strong>aliis.</strong></span> 
     </span>
    </p>

    <p class='ocr_par' dir='ltr' id='par_1_4' title="bbox 132 1831 1057 2787">
     <span class='ocr_line' id='line_1_19' title="bbox 201 1831 1056 1922; baseline 0.002 -24"><span class='ocrx_word' id='word_1_111' title='bbox 201 1831 374 1912; x_wconf 85' lang='lat' dir='ltr'><strong>Praeterea,</strong></span> <span class='ocrx_word' id='word_1_112' title='bbox 396 1835 440 1900; x_wconf 83' lang='lat' dir='ltr'><strong>hd</strong></span> <span class='ocrx_word' id='word_1_113' title='bbox 474 1832 705 1922; x_wconf 74' lang='lat' dir='ltr'><strong>corruptionem</strong></span> <span class='ocrx_word' id='word_1_114' title='bbox 743 1832 896 1900; x_wconf 90' lang='lat' dir='ltr'><strong>bonorum</strong></span> <span class='ocrx_word' id='word_1_115' title='bbox 931 1835 1056 1900; x_wconf 80' lang='lat' dir='ltr'><strong>morum</strong></span> 
     </span>
     <span class='ocr_line' id='line_1_20' title="bbox 135 1922 1055 2010; baseline 0.003 -24"><span class='ocrx_word' id='word_1_116' title='bbox 135 1922 269 2010; x_wconf 87' lang='lat' dir='ltr'><strong>pertinet</strong></span> <span class='ocrx_word' id='word_1_117' title='bbox 291 1923 375 2008; x_wconf 90' lang='lat' dir='ltr'><strong>quod</strong></span> <span class='ocrx_word' id='word_1_118' title='bbox 400 1923 540 1988; x_wconf 88' lang='lat' dir='ltr'><strong>homines</strong></span> <span class='ocrx_word' id='word_1_119' title='bbox 565 1926 625 1988; x_wconf 91' lang='lat' dir='ltr'><strong>sint</strong></span> <span class='ocrx_word' id='word_1_120' title='bbox 647 1922 740 1988; x_wconf 88' lang='lat' dir='ltr'><strong>nimis</strong></span> <span class='ocrx_word' id='word_1_121' title='bbox 763 1923 857 1988; x_wconf 88' lang='lat' dir='ltr'><strong>dediti</strong></span> <span class='ocrx_word' id='word_1_122' title='bbox 893 1925 1055 2010; x_wconf 70' lang='lat' dir='ltr'><strong>voluptati</strong></span> 
     </span>
     <span class='ocr_line' id='line_1_21' title="bbox 134 2010 1057 2099; baseline 0.002 -23"><span class='ocrx_word' id='word_1_123' title='bbox 134 2011 195 2076; x_wconf 90' lang='lat' dir='ltr'><strong>bus</strong></span> <span class='ocrx_word' id='word_1_124' title='bbox 216 2012 325 2090; x_wconf 91' lang='lat' dir='ltr'><strong>coitus,</strong></span> <span class='ocrx_word' id='word_1_125' title='bbox 348 2012 430 2098; x_wconf 89' lang='lat' dir='ltr'><strong>quia,</strong></span> <span class='ocrx_word' id='word_1_126' title='bbox 452 2031 524 2076; x_wconf 90' lang='lat' dir='ltr'><strong>curn</strong></span> <span class='ocrx_word' id='word_1_127' title='bbox 548 2010 624 2076; x_wconf 90' lang='lat' dir='ltr'><strong>haec</strong></span> <span class='ocrx_word' id='word_1_128' title='bbox 649 2011 790 2099; x_wconf 83' lang='lat' dir='ltr'><strong>voluptas</strong></span> <span class='ocrx_word' id='word_1_129' title='bbox 812 2012 947 2078; x_wconf 82' lang='lat' dir='ltr'><strong>maxime</strong></span> <span class='ocrx_word' id='word_1_130' title='bbox 970 2031 1057 2078; x_wconf 90' lang='lat' dir='ltr'><strong>men·</strong></span> 
     </span>
     <span class='ocr_line' id='line_1_22' title="bbox 133 2099 1056 2188; baseline 0.003 -24"><span class='ocrx_word' id='word_1_131' title='bbox 133 2113 199 2164; x_wconf 84' lang='lat' dir='ltr'><strong>tem</strong></span> <span class='ocrx_word' id='word_1_132' title='bbox 221 2101 399 2178; x_wconf 89' lang='lat' dir='ltr'><strong>absorbeat,</strong></span> <span class='ocrx_word' id='word_1_133' title='bbox 422 2099 624 2186; x_wconf 84' lang='lat' dir='ltr'><strong>impediretur</strong></span> <span class='ocrx_word' id='word_1_134' title='bbox 646 2101 724 2165; x_wconf 91' lang='lat' dir='ltr'><strong>ratio</strong></span> <span class='ocrx_word' id='word_1_135' title='bbox 747 2100 786 2165; x_wconf 90' lang='lat' dir='ltr'><strong>ab</strong></span> <span class='ocrx_word' id='word_1_136' title='bbox 810 2101 857 2166; x_wconf 92' lang='lat' dir='ltr'><strong>his</strong></span> <span class='ocrx_word' id='word_1_137' title='bbox 881 2115 1056 2188; x_wconf 75' lang='lat' dir='ltr'><strong>quaerente</strong></span> 
     </span>
     <span class='ocr_line' id='line_1_23' title="bbox 132 2187 1054 2277; baseline 0.004 -25"><span class='ocrx_word' id='word_1_138' title='bbox 132 2187 253 2272; x_wconf 89' lang='lat' dir='ltr'><strong>agenda</strong></span> <span class='ocrx_word' id='word_1_139' title='bbox 277 2202 389 2254; x_wconf 90' lang='lat' dir='ltr'><strong>essent.</strong></span> <span class='ocrx_word' id='word_1_140' title='bbox 413 2189 601 2275; x_wconf 85' lang='lat' dir='ltr'><strong>Sequeretur</strong></span> <span class='ocrx_word' id='word_1_141' title='bbox 623 2201 726 2254; x_wconf 90' lang='lat' dir='ltr'><strong>autern</strong></span> <span class='ocrx_word' id='word_1_142' title='bbox 751 2189 864 2254; x_wconf 87' lang='lat' dir='ltr'><strong>nimius</strong></span> <span class='ocrx_word' id='word_1_143' title='bbox 891 2191 1054 2277; x_wconf 81' lang='lat' dir='ltr'><strong>uoluptatis</strong></span> 
     </span>
     <span class='ocr_line' id='line_1_24' title="bbox 132 2277 1055 2365; baseline 0.002 -23"><span class='ocrx_word' id='word_1_144' title='bbox 132 2297 219 2356; x_wconf 89' lang='lat' dir='ltr'><strong>usus,</strong></span> <span class='ocrx_word' id='word_1_145' title='bbox 241 2277 266 2342; x_wconf 86' lang='lat' dir='ltr'><strong>si</strong></span> <span class='ocrx_word' id='word_1_146' title='bbox 289 2277 394 2344; x_wconf 89' lang='lat' dir='ltr'><strong>liceret</strong></span> <span class='ocrx_word' id='word_1_147' title='bbox 418 2278 535 2342; x_wconf 89' lang='lat' dir='ltr'><strong>bomini</strong></span> <span class='ocrx_word' id='word_1_148' title='bbox 567 2297 622 2362; x_wconf 90' lang='lat' dir='ltr'><strong>per</strong></span> <span class='ocrx_word' id='word_1_149' title='bbox 659 2279 774 2342; x_wconf 87' lang='lat' dir='ltr'><strong>coitum</strong></span> <span class='ocrx_word' id='word_1_150' title='bbox 810 2277 956 2365; x_wconf 87' lang='lat' dir='ltr'><strong>conjungi</strong></span> <span class='ocrx_word' id='word_1_151' title='bbox 995 2278 1055 2346; x_wconf 88' lang='lat' dir='ltr'><strong>illis</strong></span> 
     </span>
     <span class='ocr_line' id='line_1_25' title="bbox 133 2364 1055 2454; baseline 0.002 -25"><span class='ocrx_word' id='word_1_152' title='bbox 133 2366 274 2454; x_wconf 82' lang='lat' dir='ltr'><strong>personis</strong></span> <span class='ocrx_word' id='word_1_153' title='bbox 307 2367 419 2452; x_wconf 88' lang='lat' dir='ltr'><strong>quibus</strong></span> <span class='ocrx_word' id='word_1_154' title='bbox 451 2364 665 2432; x_wconf 82' lang='lat' dir='ltr'><strong>commorandi</strong></span> <span class='ocrx_word' id='word_1_155' title='bbox 704 2367 797 2433; x_wconf 91' lang='lat' dir='ltr'><strong>habet</strong></span> <span class='ocrx_word' id='word_1_156' title='bbox 830 2370 1055 2446; x_wconf 83' lang='lat' dir='ltr'><strong>necessitatem,</strong></span> 
     </span>
     <span class='ocr_line' id='line_1_26' title="bbox 132 2454 1054 2541; baseline 0.002 -21"><span class='ocrx_word' id='word_1_157' title='bbox 132 2456 214 2520; x_wconf 92' lang='lat' dir='ltr'><strong>sicut</strong></span> <span class='ocrx_word' id='word_1_158' title='bbox 234 2456 392 2521; x_wconf 90' lang='lat' dir='ltr'><strong>sororibus</strong></span> <span class='ocrx_word' id='word_1_159' title='bbox 415 2468 446 2520; x_wconf 90' lang='lat' dir='ltr'><strong>et</strong></span> <span class='ocrx_word' id='word_1_160' title='bbox 469 2454 535 2519; x_wconf 89' lang='lat' dir='ltr'><strong>aliis</strong></span> <span class='ocrx_word' id='word_1_161' title='bbox 559 2454 749 2540; x_wconf 88' lang='lat' dir='ltr'><strong>propinquis;</strong></span> <span class='ocrx_word' id='word_1_162' title='bbox 772 2457 843 2541; x_wconf 83' lang='lat' dir='ltr'><strong>quin</strong></span> <span class='ocrx_word' id='word_1_163' title='bbox 868 2457 979 2522; x_wconf 81' lang='lat' dir='ltr'><strong>talibus</strong></span> <span class='ocrx_word' id='word_1_164' title='bbox 1002 2477 1054 2522; x_wconf 90' lang='lat' dir='ltr'><strong>oc·</strong></span> 
     </span>
     <span class='ocr_line' id='line_1_27' title="bbox 132 2541 1054 2631; baseline 0.004 -23"><span class='ocrx_word' id='word_1_165' title='bbox 132 2543 217 2610; x_wconf 86' lang='lat' dir='ltr'><strong>casio</strong></span> <span class='ocrx_word' id='word_1_166' title='bbox 239 2545 337 2610; x_wconf 92' lang='lat' dir='ltr'><strong>coitus</strong></span> <span class='ocrx_word' id='word_1_167' title='bbox 358 2543 497 2610; x_wconf 88' lang='lat' dir='ltr'><strong>subtrahi</strong></span> <span class='ocrx_word' id='word_1_168' title='bbox 521 2563 582 2608; x_wconf 95' lang='lat' dir='ltr'><strong>non</strong></span> <span class='ocrx_word' id='word_1_169' title='bbox 607 2555 720 2629; x_wconf 85' lang='lat' dir='ltr'><strong>posset.</strong></span> <span class='ocrx_word' id='word_1_170' title='bbox 744 2541 938 2612; x_wconf 83' lang='lat' dir='ltr'><strong>Conveniens</strong></span> <span class='ocrx_word' id='word_1_171' title='bbox 962 2544 1054 2631; x_wconf 89' lang='lat' dir='ltr'><strong>igitur</strong></span> 
     </span>
     <span class='ocr_line' id='line_1_28' title="bbox 133 2631 1052 2720; baseline 0.002 -24"><span class='ocrx_word' id='word_1_172' title='bbox 133 2631 191 2697; x_wconf 87' lang='lat' dir='ltr'><strong>suit</strong></span> <span class='ocrx_word' id='word_1_173' title='bbox 212 2632 302 2698; x_wconf 90' lang='lat' dir='ltr'><strong>bonis</strong></span> <span class='ocrx_word' id='word_1_174' title='bbox 325 2633 464 2700; x_wconf 89' lang='lat' dir='ltr'><strong>moribus</strong></span> <span class='ocrx_word' id='word_1_175' title='bbox 487 2645 520 2698; x_wconf 90' lang='lat' dir='ltr'><strong>ut</strong></span> <span class='ocrx_word' id='word_1_176' title='bbox 544 2631 611 2698; x_wconf 87' lang='lat' dir='ltr'><strong>tulis</strong></span> <span class='ocrx_word' id='word_1_177' title='bbox 634 2631 811 2717; x_wconf 84' lang='lat' dir='ltr'><strong>conjunctio</strong></span> <span class='ocrx_word' id='word_1_178' title='bbox 849 2634 968 2720; x_wconf 85' lang='lat' dir='ltr'><strong>legibus</strong></span> <span class='ocrx_word' id='word_1_179' title='bbox 1006 2635 1052 2699; x_wconf 77' lang='lat' dir='ltr'><strong>in·</strong></span> 
     </span>
     <span class='ocr_line' id='line_1_29' title="bbox 134 2721 307 2787; baseline 0.006 -1"><span class='ocrx_word' id='word_1_180' title='bbox 134 2721 307 2787; x_wconf 87' lang='lat' dir='ltr'><strong>biberetur.</strong></span> 
     </span>
    </p>

    <p class='ocr_par' dir='ltr' id='par_1_5' title="bbox 127 2807 1084 3432">
     <span class='ocr_line' id='line_1_30' title="bbox 132 2807 1084 2898; baseline -0.003 -22"><span class='ocrx_word' id='word_1_181' title='bbox 132 2857 135 2864; x_wconf 80' lang='lat'>·</span> <span class='ocrx_word' id='word_1_182' title='bbox 198 2810 317 2890; x_wconf 81' lang='lat' dir='ltr'><strong>Adhuc,</strong></span> <span class='ocrx_word' id='word_1_183' title='bbox 340 2808 511 2876; x_wconf 90' lang='lat' dir='ltr'><strong>Delectatin</strong></span> <span class='ocrx_word' id='word_1_184' title='bbox 534 2809 632 2875; x_wconf 91' lang='lat' dir='ltr'><strong>coitus</strong></span> <span class='ocrx_word' id='word_1_185' title='bbox 655 2807 789 2874; x_wconf 84' lang='lat' dir='ltr'><strong>maxime</strong></span> <span class='ocrx_word' id='word_1_186' title='bbox 812 2811 980 2898; x_wconf 82' lang='lat' dir='ltr'><strong>corrumpit</strong></span> <span class='ocrx_word' id='word_1_187' title='bbox 1004 2829 1055 2874; x_wconf 91' lang='lat' dir='ltr'><strong>ae·.</strong></span> <span class='ocrx_word' id='word_1_188' title='bbox 1079 2814 1084 2829; x_wconf 91' lang='lat'>&#39;</span> 
     </span>
     <span class='ocr_line' id='line_1_31' title="bbox 130 2897 1053 2987; baseline 0 -23"><span class='ocrx_word' id='word_1_189' title='bbox 130 2899 342 2966; x_wconf 88' lang='lat' dir='ltr'><strong>stimationem</strong></span> <span class='ocrx_word' id='word_1_190' title='bbox 381 2899 573 2987; x_wconf 89' lang='lat' dir='ltr'><strong>prudentiae.</strong></span> <span class='ocrx_word' id='word_1_191' title='bbox 611 2897 821 2983; x_wconf 83' lang='lat' dir='ltr'><strong>Multiplicatio</strong></span> <span class='ocrx_word' id='word_1_192' title='bbox 859 2899 951 2984; x_wconf 89' lang='lat' dir='ltr'><strong>igitur</strong></span> <span class='ocrx_word' id='word_1_193' title='bbox 982 2899 1053 2964; x_wconf 92' lang='lat' dir='ltr'><strong>talis</strong></span> 
     </span>
     <span class='ocr_line' id='line_1_32' title="bbox 129 2985 1052 3075; baseline 0.001 -24"><span class='ocrx_word' id='word_1_194' title='bbox 129 2989 342 3054; x_wconf 84' lang='lat' dir='ltr'><strong>delectationis</strong></span> <span class='ocrx_word' id='word_1_195' title='bbox 365 3001 515 3075; x_wconf 89' lang='lat' dir='ltr'><strong>repugnat</strong></span> <span class='ocrx_word' id='word_1_196' title='bbox 537 2987 627 3052; x_wconf 91' lang='lat' dir='ltr'><strong>bonis</strong></span> <span class='ocrx_word' id='word_1_197' title='bbox 659 2986 809 3052; x_wconf 90' lang='lat' dir='ltr'><strong>moribus.</strong></span> <span class='ocrx_word' id='word_1_198' title='bbox 833 2985 915 3052; x_wconf 83' lang='lat' dir='ltr'><strong>Talis</strong></span> <span class='ocrx_word' id='word_1_199' title='bbox 949 3001 1052 3052; x_wconf 80' lang='lat' dir='ltr'><strong>autent</strong></span> 
     </span>
     <span class='ocr_line' id='line_1_33' title="bbox 129 3075 1053 3164; baseline -0.001 -24"><span class='ocrx_word' id='word_1_200' title='bbox 129 3075 294 3144; x_wconf 80' lang='lat' dir='ltr'><strong>delectatio</strong></span> <span class='ocrx_word' id='word_1_201' title='bbox 315 3090 445 3164; x_wconf 85' lang='lat' dir='ltr'><strong>augetur</strong></span> <span class='ocrx_word' id='word_1_202' title='bbox 468 3097 523 3163; x_wconf 92' lang='lat' dir='ltr'><strong>per</strong></span> <span class='ocrx_word' id='word_1_203' title='bbox 556 3095 696 3141; x_wconf 88' lang='lat' dir='ltr'><strong>amorem</strong></span> <span class='ocrx_word' id='word_1_204' title='bbox 735 3095 938 3163; x_wconf 84' lang='lat' dir='ltr'><strong>personarum</strong></span> <span class='ocrx_word' id='word_1_205' title='bbox 973 3092 1053 3163; x_wconf 90' lang='lat' dir='ltr'><strong>quae</strong></span> 
     </span>
     <span class='ocr_line' id='line_1_34' title="bbox 128 3164 1053 3253; baseline -0.002 -23"><span class='ocrx_word' id='word_1_206' title='bbox 128 3164 371 3253; x_wconf 88' lang='lat' dir='ltr'><strong>conjunguntur.</strong></span> <span class='ocrx_word' id='word_1_207' title='bbox 395 3166 480 3232; x_wconf 81' lang='lat' dir='ltr'><strong>Esset</strong></span> <span class='ocrx_word' id='word_1_208' title='bbox 502 3166 595 3251; x_wconf 88' lang='lat' dir='ltr'><strong>igitur</strong></span> <span class='ocrx_word' id='word_1_209' title='bbox 617 3165 807 3230; x_wconf 86' lang='lat' dir='ltr'><strong>contrarium</strong></span> <span class='ocrx_word' id='word_1_210' title='bbox 844 3165 934 3231; x_wconf 91' lang='lat' dir='ltr'><strong>bonis</strong></span> <span class='ocrx_word' id='word_1_211' title='bbox 959 3168 1053 3229; x_wconf 90' lang='lat' dir='ltr'><strong>mori·</strong></span> 
     </span>
     <span class='ocr_line' id='line_1_35' title="bbox 127 3253 1054 3343; baseline -0.002 -23"><span class='ocrx_word' id='word_1_212' title='bbox 127 3255 187 3320; x_wconf 90' lang='lat' dir='ltr'><strong>bus</strong></span> <span class='ocrx_word' id='word_1_213' title='bbox 209 3255 389 3343; x_wconf 90' lang='lat' dir='ltr'><strong>propinquis</strong></span> <span class='ocrx_word' id='word_1_214' title='bbox 411 3253 568 3339; x_wconf 83' lang='lat' dir='ltr'><strong>cortjungi‚</strong></span> <span class='ocrx_word' id='word_1_215' title='bbox 591 3255 661 3338; x_wconf 87' lang='lat' dir='ltr'><strong>quia</strong></span> <span class='ocrx_word' id='word_1_216' title='bbox 685 3255 716 3318; x_wconf 92' lang='lat' dir='ltr'><strong>in</strong></span> <span class='ocrx_word' id='word_1_217' title='bbox 740 3253 785 3319; x_wconf 88' lang='lat' dir='ltr'><strong>eis</strong></span> <span class='ocrx_word' id='word_1_218' title='bbox 809 3253 1054 3340; x_wconf 82' lang='lat' dir='ltr'><strong>conjungeretur</strong></span> 
     </span>
     <span class='ocr_line' id='line_1_36' title="bbox 127 3343 1053 3432; baseline -0.002 -24"><span class='ocrx_word' id='word_1_219' title='bbox 127 3361 216 3410; x_wconf 84' lang='lat' dir='ltr'><strong>amor</strong></span> <span class='ocrx_word' id='word_1_220' title='bbox 238 3346 291 3432; x_wconf 85' lang='lat' dir='ltr'><strong>qui</strong></span> <span class='ocrx_word' id='word_1_221' title='bbox 314 3358 423 3410; x_wconf 84' lang='lat' dir='ltr'><strong>estex</strong></span> <span class='ocrx_word' id='word_1_222' title='bbox 445 3343 666 3409; x_wconf 89' lang='lat' dir='ltr'><strong>communione</strong></span> <span class='ocrx_word' id='word_1_223' title='bbox 698 3344 826 3429; x_wconf 88' lang='lat' dir='ltr'><strong>originis</strong></span> <span class='ocrx_word' id='word_1_224' title='bbox 864 3359 896 3409; x_wconf 89' lang='lat' dir='ltr'><strong>et</strong></span> <span class='ocrx_word' id='word_1_225' title='bbox 934 3361 1053 3408; x_wconf 90' lang='lat' dir='ltr'><strong>connu-</strong></span> 
     </span>
    </p>
   </div>
   <div class='ocr_carea' id='block_1_2' title="bbox 135 3461 797 3609">
    <p class='ocr_par' dir='ltr' id='par_1_6' title="bbox 135 3461 797 3609">
     <span class='ocr_line' id='line_1_37' title="bbox 180 3461 797 3534; baseline 0.005 -18"><span class='ocrx_word' id='word_1_226' title='bbox 180 3461 219 3532; x_wconf 87' lang='lat' dir='ltr'><strong>(l)</strong></span> <span class='ocrx_word' id='word_1_227' title='bbox 238 3463 288 3518; x_wconf 84' lang='lat' dir='ltr'><strong>Par</strong></span> <span class='ocrx_word' id='word_1_228' title='bbox 306 3463 362 3528; x_wconf 79' lang='lat' dir='ltr'><strong>boc,</strong></span> <span class='ocrx_word' id='word_1_229' title='bbox 383 3465 401 3517; x_wconf 88' lang='lat' dir='ltr'><strong>i.</strong></span> <span class='ocrx_word' id='word_1_230' title='bbox 419 3479 441 3517; x_wconf 89' lang='lat' dir='ltr'><strong>e.</strong></span> <span class='ocrx_word' id='word_1_231' title='bbox 460 3479 507 3534; x_wconf 90' lang='lat' dir='ltr'><strong>per</strong></span> <span class='ocrx_word' id='word_1_232' title='bbox 525 3463 642 3516; x_wconf 85' lang='lat' dir='ltr'><strong>eamdem</strong></span> <span class='ocrx_word' id='word_1_233' title='bbox 661 3463 797 3532; x_wconf 89' lang='lat' dir='ltr'><strong>originem.</strong></span> 
     </span>
     <span class='ocr_line' id='line_1_38' title="bbox 135 3535 702 3609; baseline 0.004 -23"><span class='ocrx_word' id='word_1_234' title='bbox 135 3559 138 3566; x_wconf 88' lang='lat'>·</span> <span class='ocrx_word' id='word_1_235' title='bbox 179 3535 223 3606; x_wconf 65' lang='lat' dir='ltr'><strong>li&gt;</strong></span> <span class='ocrx_word' id='word_1_236' title='bbox 238 3535 269 3591; x_wconf 85' lang='lat' dir='ltr'><strong>Sc</strong></span> <span class='ocrx_word' id='word_1_237' title='bbox 287 3537 412 3609; x_wconf 76' lang='lat' dir='ltr'><strong>diligent,</strong></span> <span class='ocrx_word' id='word_1_238' title='bbox 431 3537 524 3608; x_wconf 82' lang='lat' dir='ltr'><strong>supple</strong></span> <span class='ocrx_word' id='word_1_239' title='bbox 543 3542 572 3590; x_wconf 87' lang='lat' dir='ltr'><strong>ut</strong></span> <span class='ocrx_word' id='word_1_240' title='bbox 589 3537 702 3606; x_wconf 77' lang='lat' dir='ltr'><strong>cognati.</strong></span> 
     </span>
    </p>
   </div>
   <div class='ocr_carea' id='block_1_3' title="bbox 0 0 1262 3972">
    <p class='ocr_par' dir='ltr' id='par_1_7' title="bbox 0 0 1262 3972">
     <span class='ocr_line' id='line_1_39' title="bbox 0 0 1262 3972; baseline 0 2"><span class='ocrx_word' id='word_1_241' title='bbox 0 0 1262 3972; x_wconf 95' lang='lat' dir='ltr'><strong> </strong></span> 
     </span>
    </p>
   </div>
  </div>
 </body>
</html>
