2462 3968
218 243 283 309 908
524 265 581 309 uzu.
606 266 645 310 ru.
670 263 733 308 can.
757 262 833 310 uxxr.

219 353 293 416 gere
316 331 450 420 aliquem
475 333 630 398 delccturn
655 333 799 400 bonitatis
823 333 854 397 in
882 344 981 419 parte,
1016 345 1049 398 ut
1090 331 1146 398 liat

219 436 421 508 augmentum
446 422 589 489 bonitatis
604 423 635 486 in
659 435 733 498 toto;
756 423 833 488 sicut
857 420 965 487 artilex
978 421 1146 488 abscondit

217 509 454 577 fundamentum
493 513 552 578 sub
592 519 684 590 terra,
722 525 756 576 ut
793 523 854 575 tota
890 510 1002 576 domus
1026 511 1144 576 habeat

216 599 404 664 firmitatem.
427 600 501 679 Sed,
523 602 548 666 si
573 600 690 665 malurn
729 621 745 666 a
774 599 961 686 quibusdam
998 599 1142 686 partibus

218 691 351 754 universi
375 688 756 763 subtraheretur,multum
773 690 929 775 deperiret
942 688 1143 775 perfectionis

216 777 364 858 universi,
386 777 476 864 cujus
500 778 696 865 pulchritudo
729 797 767 843 err
801 776 942 842 ordinata
980 777 1142 842 bonorum

214 880 244 930 et
268 866 421 932 rnalorum
445 867 631 932 adunatione
654 866 820 951 consurgit,
858 865 934 931 dum
972 867 1053 930 suala
1094 887 1137 934 cx

215 955 305 1020 bonis
328 955 541 1021 deficientibus
566 957 760 1043 proveniunt,
772 968 802 1019 et
815 969 918 1020 tamen
931 975 969 1020 ex
984 955 1027 1020 cis
1039 975 1142 1042 quae·

215 1043 286 1108 darn
312 1043 393 1109 bona
417 1059 649 1131 consequuntur
662 1064 700 1110 er
716 1043 908 1131 providentia
934 1043 1140 1130 gubernantis

214 1133 292 1197 sicut
315 1145 346 1198 et
368 1132 480 1199 silentii
505 1134 697 1220 interpositio
732 1132 802 1200 lacit
841 1133 1026 1198 cantilenam
1066 1153 1139 1198 esse

214 1241 351 1286 suavem.
375 1221 443 1288 Non
467 1223 559 1310 igitur
582 1244 637 1309 per
660 1223 795 1288 divinum
820 1223 1042 1309 providentiam
1081 1221 1139 1287 de·

214 1311 280 1375 buit
304 1310 420 1378 malurn
445 1333 461 1376 a
485 1313 578 1376 rebus
602 1311 733 1376 excludi.

198 1461 202 1465 ,
278 1399 396 1476 Adhuc,
420 1400 478 1465 lies
503 1401 592 1479 aliae,
616 1414 647 1465 ct
684 1398 866 1487 praecipue·
885 1395 1054 1476 inferiores,
1095 1398 1137 1464 ad

212 1487 331 1554 bonurn
356 1489 490 1554 hominis
514 1489 696 1555 ordinantur
720 1491 797 1554 sieut
809 1487 847 1552 ad
864 1485 969 1551 linem.
982 1485 1013 1551 Si
1027 1499 1136 1553 autem

212 1576 296 1642 nulla
322 1578 401 1642 mala
424 1591 526 1644 essent
549 1581 580 1642 in
605 1579 708 1656 rebus,
732 1577 865 1642 rnultuur
889 1575 928 1639 de
952 1577 1035 1640 bono
1071 1577 1132 1641 ho·

211 1667 303 1732 ruinis
326 1666 562 1745 diminueretur,
599 1681 629 1732 et
666 1681 816 1752 quantum
840 1665 879 1729 ad
911 1665 1135 1750 coguitionem,

211 1767 241 1818 et
264 1768 413 1841 quantum
436 1756 475 1822 ad
501 1756 573 1821 boni
597 1755 785 1822 desiderium
809 1754 857 1821 vel
881 1773 1031 1832 amorem,
1055 1768 1134 1820 uam

210 1843 328 1908 bonuur
358 1864 397 1910 er
419 1846 649 1931 comparatione
676 1844 748 1909 mali
787 1843 884 1928 magis
922 1842 1133 1926 cognoscitur,

210 1947 239 1996 et
263 1933 337 1997 dunt
361 1933 462 2020 aliqua
486 1934 566 1999 mala
603 1947 827 2020 perpetrantur,
850 1930 1009 1997 ardentius
1046 1935 1130 1998 bona

209 2034 363 2107 optamus:
385 2023 463 2088 sicut
486 2035 636 2109 quanturn
660 2027 778 2088 bouum
801 2025 840 2088 sit
873 2020 986 2086 sanitas
1010 2019 1131 2086 infirmi

207 2112 342 2176 maxime
365 2125 565 2196 cognoscunt,
588 2111 640 2198 qui
664 2114 757 2176 etiarn
781 2110 819 2175 ad
836 2129 906 2175 earn
924 2110 1024 2194 magis
1040 2127 1131 2174 erar-

207 2200 281 2264 dent
319 2221 413 2286 quam
450 2201 527 2266 sani.
551 2200 619 2266 Non
656 2199 748 2285 igitur
772 2201 904 2287 pertinet
927 2198 966 2262 ad
990 2197 1131 2264 divinam

207 2289 434 2374 providentiam
458 2290 539 2354 mala
564 2311 581 2354 a
605 2289 699 2354 rebus
721 2289 855 2354 totaliter
878 2287 1054 2352 excludere.

240 2400 249 2412 ‘
275 2377 404 2466 Propter
427 2379 510 2465 quod
534 2379 659 2444 dicitur:
682 2378 813 2442 Facient
833 2395 955 2462 puram,
977 2387 1132 2441 elucens

204 2465 335 2539 titolum,
359 2467 441 2546 lsai,
464 2468 518 2547 ld,
539 2469 574 2542 7,·
598 2481 637 2532 et:
661 2465 765 2532 Sicrit
787 2468 905 2532 molum
938 2467 971 2530 t'n
1004 2466 1131 2532 ciuitate

206 2556 289 2638 quod
312 2555 465 2622 Dominus
487 2556 686 2641 confecerit,
712 2560 815 2634 duros,
832 2556 863 2635 5,
886 2557 916 2620 6.

272 2643 332 2710 Per
355 2645 414 2710 hoc
436 2659 541 2730 autern
578 2637 750 2711 excluditur
787 2642 1009 2731 quorumdam·
1029 2663 1129 2723 error,

205 2732 257 2819 qui
281 2747 405 2821 propter
429 2735 487 2800 hoc
510 2735 593 2821 quod
619 2735 698 2800 mala
723 2735 754 2799 iu
779 2735 897 2799 rnundo
921 2735 1047 2798 evenire
1085 2734 1129 2798 si·

205 2822 330 2902 debant,
353 2822 497 2889 dicebant
520 2824 621 2888 Deum
645 2843 708 2888 non
731 2841 809 2900 esse,
832 2826 910 2889 sicut
931 2822 1058 2890 Boetius
1076 2821 1126 2904 (l)

204 2911 552 2999 introducit‘quemdaur
570 2912 825 2999 philosophorum
847 2927 1058 3000 quaerentem:
1092 2911 1127 2976 St
1222 2971 1223 2994 ,

203 2999 288 3066 Deus
325 3011 371 3066 est
407 3001 490 3070 unde
510 3001 628 3066 mulo?
661 3002 747 3066 Esset
783 3015 886 3066 autern
914 3020 931 3066 e
969 3001 1125 3067 contrario
1222 2995 1223 3084 ζ

202 3089 407 3176 arguendum:
447 3090 479 3154 st
519 3091 635 3156 malurn
671 3105 728 3170 ast,
762 3089 846 3156 Deus
867 3106 924 3156 est.
947 3089 1014 3156 Non
1039 3089 1123 3154 enirn

202 3191 283 3244 esset
304 3179 432 3257 malurn,
454 3178 576 3245 sublato
607 3179 716 3246 ordine
750 3177 834 3258 boni,
868 3179 957 3265 cujus
994 3179 1124 3270 privatio

201 3281 247 3333 est
270 3267 398 3345 malum3
422 3267 472 3338 ltin
502 3283 607 3335 autem
641 3268 717 3335 ordo
750 3287 815 3334 uon
850 3281 941 3347 essct,
978 3271 1005 3336 si
1040 3269 1124 3334 Deus

199 3375 264 3422 nou
287 3371 377 3422 csset.

267 3442 398 3510 Tollitur
420 3444 513 3510 etiarn
537 3458 568 3511 et
590 3441 703 3511 erroris
726 3445 858 3528 occasio,
874 3465 930 3535 per
942 3447 1128 3534 praemissa,

249 3544 289 3617 ll)
309 3548 347 3600 De
367 3547 477 3614 Consul,
495 3549 512 3600 l.
534 3547 559 3618 l,
576 3565 646 3618 pros.
665 3547 691 3618 l,
710 3563 736 3619 p.
756 3547 799 3602 δὲ.
