2462 3968
239 224 304 289 ddi
528 245 584 290 iiii.
608 244 648 290 iii.
672 243 735 290 cir.
760 245 852 289 iiiiii.

236 326 355 399 oportet
378 311 460 397 quod
484 311 568 379 Deus
590 313 649 378 illis
682 315 825 379 secundis
849 312 904 378 vel
920 313 1015 378 tertiis
1049 316 1157 399 provi-

234 403 355 468 soribus
378 403 430 467 det
456 403 579 488 regulas
614 404 660 466 sui
694 403 863 486 regiminis.
898 406 956 466 Aut
989 422 1065 487 crgo
1102 405 1157 469 dat

234 491 356 576 regulas
380 505 411 556 et
434 491 520 577 leges
544 491 741 571 universales,
764 494 811 558 vel
837 490 1042 578 particulares:
1060 530 1106 542 —-
1122 493 1156 558 Si

233 593 336 644 autem
360 578 411 645 dat
434 581 479 646 eis
506 581 693 646 universales
728 582 850 666 regulas
884 579 1041 664 regiminis
1081 603 1156 648 cuin

234 669 421 734 universales
445 670 570 755 regulae
593 690 655 734 non
683 671 800 756 possint
826 687 950 756 semper
983 670 1021 734 ad
1056 673 1155 756 parti-

229 757 345 822 cularia
369 758 525 845 applicari,
548 772 578 823 et
616 759 749 824 maxime
787 761 817 823 in
854 762 946 822 rebus
973 759 1157 838 mobilibus,
1218 799 1220 876 p

231 865 310 931 qnae
332 865 395 910 uon
414 867 537 934 semper
556 847 667 912 eodein
691 847 786 912 modo
809 865 843 912 se
856 847 981 925 babent,
993 863 1155 933 oporteret
1219 879 1220 896 i

230 934 314 1020 quod
337 935 380 1000 illi
403 940 575 1022 provisores
606 937 733 1001 secundi
767 936 815 1001 vel
850 937 928 1000 tertii
962 936 1155 1023 quandoque
1219 967 1220 1014 i

230 1038 352 1108 practer
375 1025 498 1110 regulas
521 1026 578 1090 sibi
602 1025 689 1090 datas
711 1024 892 1090 ordinarent
914 1023 952 1088 de
969 1025 1060 1090 rebus
1073 1047 1153 1092 suae
1219 1019 1220 1106 l

231 1111 413 1197 provisionis
436 1114 589 1200 subjectis.
614 1114 769 1179 Haberent
791 1133 866 1197 ergo
886 1113 1035 1198 judicium
1051 1133 1152 1202 super
1219 1169 1220 1194 p

228 1202 350 1286 regulas
373 1219 522 1289 acceptas,
552 1204 676 1289 quando
710 1203 883 1267 secundum
906 1222 958 1266 eas
992 1219 1152 1288 oporteret

228 1309 320 1374 agere
343 1303 373 1354 et
395 1292 519 1377 quando
543 1311 596 1356 eas
619 1292 863 1378 praetermittere
886 1303 1050 1378 oporteret3
1063 1295 1152 1380 quod

227 1397 380 1444 essenon
404 1394 516 1466 potest,
540 1382 610 1468 quia
635 1381 694 1446 hoc
717 1379 868 1465 judicium
893 1380 932 1444 ad
954 1383 1150 1467 superiorem

228 1469 368 1552 pertinct3
390 1489 462 1534 nam
486 1469 552 1554 ejus
578 1481 624 1534 est
646 1469 838 1555 interpretari
863 1469 947 1553 leges
970 1485 999 1533 et
1022 1469 1149 1558 dispen-

226 1573 295 1622 sare
319 1560 351 1622 in
374 1557 418 1622 eis
441 1557 528 1643 cujus
552 1574 597 1623 cst
619 1577 671 1622 eas
694 1558 838 1623 condere.
861 1557 926 1622 lloc
949 1559 1041 1642 igitur
1058 1560 1149 1644 judi-

224 1645 306 1712 cium
330 1646 368 1711 dc
391 1647 504 1732 regulis
534 1646 758 1712 universalibus
793 1646 871 1711 datis
905 1660 1025 1732 oportet
1057 1652 1146 1734 quod

225 1733 277 1798 liat
301 1755 355 1821 per
377 1755 558 1822 supremum
589 1737 791 1822 provisorcm3
829 1735 1038 1822 quodquidam
1074 1759 1145 1804 esse

223 1843 286 1887 non
310 1839 424 1909 posset,
446 1826 470 1889 si
494 1845 527 1890 se
549 1824 733 1890 ordinationi
750 1825 951 1908 singularium
965 1826 1146 1892 immediate

222 1932 285 1976 non
309 1914 504 1979 immisceret.
528 1911 657 2000 Oportet
674 1915 776 1998 igitur,
791 1915 962 1978 secundum
977 1914 1045 1992 boc,
1056 1918 1143 2000 quod

221 2001 259 2064 sit
282 1999 394 2066 borum
417 2001 613 2068 immediatus
636 2004 784 2090 provisor.
811 2004 898 2067 —Si
922 2022 994 2068 vero
1012 2008 1144 2070 secundi

221 2089 267 2154 vel
291 2093 369 2154 tertii
394 2092 564 2178 provisores
587 2113 605 2157 a
627 2111 751 2157 summo
764 2094 921 2178 provisore
938 2092 1139 2179 particulares

220 2179 342 2264 regulas
365 2195 395 2245 et
418 2180 502 2265 leges
535 2182 699 2268 accipiunt,
722 2179 883 2246 manileste
905 2195 1032 2267 apparet
1054 2185 1142 2266 quod

220 2267 332 2333 borum
355 2269 557 2353 singularium
581 2271 732 2335 ordinatio
755 2271 793 2334 sit
804 2269 982 2334 immediate
995 2289 1051 2356 per
1069 2292 1141 2357 pro·

219 2357 386 2422 videntiam
410 2358 555 2424 divinam.

284 2447 432 2532 Amplius,
459 2447 589 2534 Semper
622 2449 761 2534 provisor
792 2448 884 2512 babet
903 2446 1056 2533 judicium
1083 2448 1135 2528 de,

218 2533 265 2600 bis
288 2555 368 2622 quae
391 2535 430 2599 ab
468 2535 663 2602 inferioribus
701 2536 909 2623 provisoribus
943 2536 1138 2616 ordinantur,

217 2638 320 2689 utrum
343 2625 382 2689 sit
415 2623 495 2689 bene
532 2626 671 2690 ordinata
695 2645 802 2691 necne.
826 2626 858 2689 Si
894 2627 985 2710 igitur
1009 2630 1138 2692 secundi

215 2713 390 2798 provisores
413 2713 461 2778 vel
485 2715 563 2778 tertii
587 2715 645 2778 sint
669 2714 728 2779 sub
750 2714 818 2778 Deo
841 2715 941 2800 primo
964 2715 1136 2801 provisore,

215 2816 336 2888 oportet
358 2801 442 2889 quod
473 2801 558 2869 Deus
588 2802 739 2887 judicium
777 2803 888 2868 babeat
911 2801 950 2867 de
985 2803 1138 2890 hisquae

214 2893 253 2955 ab
276 2892 320 2956 cis
343 2891 535 2969 ordinantem
565 2891 775 2978 quodquidam
799 2911 865 2957 esse
888 2912 951 2956 non
975 2907 1088 2978 potest,
1110 2896 1136 2959 si

213 2981 326 3046 borum
350 2980 554 3065 singularium
579 2980 720 3045 ordinem
742 3001 805 3046 non
829 2981 1012 3046 considerat.
1037 2981 1137 3048 llabet

213 3068 306 3153 igitur
331 3069 399 3156 lpse
423 3089 478 3155 pcr
502 3071 637 3157 scipsum
660 3089 767 3134 curam
790 3069 829 3134 de
851 3069 1068 3154 singularibus.

278 3157 397 3234 Adbuc,
421 3160 452 3223 Si
487 3157 572 3224 Deus
598 3178 653 3246 per
685 3161 821 3246 seipsum
856 3159 1036 3224 immediate
1060 3160 1136 3226 inle-

211 3245 291 3310 riora
330 3247 495 3333 singularia
527 3269 589 3313 non
623 3261 719 3327 curat,
743 3248 813 3313 ideo
837 3261 882 3312 cst
919 3249 966 3312 vel
1004 3248 1076 3334 quia
1100 3272 1136 3315 ea

211 3335 339 3421 despicit
360 3337 407 3402 vel
432 3357 471 3401 ne
497 3337 564 3422 ejus
587 3336 718 3421 dignitas
741 3337 927 3423 inquinetur,
949 3343 985 3401 'ut
1007 3339 1135 3423 quidam

211 3422 316 3488 dicunt
339 3423 401 3510 (l).
418 3425 483 3491 lloc
495 3442 598 3492 autem
616 3427 827 3491 irrationabile
843 3440 897 3492 est.
918 3426 994 3493 llam
1010 3428 1135 3512 dignius

261 3525 301 3595 (l)
318 3527 432 3582 Avcrrb.
451 3529 578 3600 Metapa,
595 3546 688 3586 comm.
708 3529 743 3583 57
761 3537 788 3584 et
807 3529 852 3584 bt.
