2462 3968
218 271 284 336 lid
441 291 563 338 ιιι.ιιι.
590 289 954 342 murmurarunt.

282 357 341 424 Ρθι
363 359 422 424 lroe
445 374 547 425 autem
571 361 743 426 excluditur
765 381 853 426 error
876 375 905 427 et
928 362 1034 450 opinio
1061 362 1152 429 Stoi-

216 467 336 525 corum,
360 449 412 535 qui
436 449 606 515 secundum
631 451 772 515 ordinem
790 451 957 536 quemdam
977 473 1150 517 causarum

214 536 536 642 intransgressibilem,
552 559 645 626 quem
661 539 814 604 Graeci
785 568 811 604 ει
816 567 973 626 μαρμειηι
990 542 1150 608 vocabant

215 628 319 694 omnia
342 647 380 692 ex
403 629 585 694 necessitate
609 628 753 694 dicebant
775 631 949 716 provenire.

504 803 602 870 cte
619 804 689 868 U'l'
722 805 851 872 LXXlV.

276 982 366 1062 Quod
387 981 495 1046 dioirm
514 982 711 1065 procidentia
733 1003 795 1046 ιιοιι
817 981 954 1047 excludit
976 1001 1086 1046 caston

571 1083 601 1135 et
613 1071 782 1156 [ortanam.

279 1246 321 1311 Ex
344 1247 518 1334 praemissis
541 1246 633 1310 etiam
658 1261 786 1334 apparet
808 1245 892 1332 quod
927 1245 1028 1310 divina
1064 1267 1146 1332 pro-

213 1336 347 1401 videntia
390 1357 452 1400 non
491 1335 644 1402 subtrahit
683 1357 700 1400 a
737 1337 830 1402 rebus
865 1355 971 1401 casum
1006 1349 1036 1400 et
1076 1335 1145 1401 lor·

215 1438 331 1489 tunam.

279 1514 313 1578 ln
338 1513 384 1578 ltis
408 1515 490 1578 enim
515 1515 650 1600 quaein
675 1513 787 1579 minori
810 1524 897 1600 parte
921 1511 1062 1578 accidunt
1089 1513 1143 1578 di-

214 1617 326 1668 cuntur
348 1623 415 1668 esse
439 1601 560 1667 lortuna
584 1616 613 1666 et
637 1623 735 1668 casus.
759 1603 791 1668 st
824 1616 926 1666 autem
966 1622 1029 1666 non
1064 1621 1145 1688 pro·
1219 1653 1220 1656 ,

214 1693 355 1756 venirent
378 1691 479 1776 aliqua
504 1705 536 1754 at
561 1692 591 1754 in
617 1693 727 1756 minori
760 1705 857 1777 parte,
880 1690 983 1754 omnia
1022 1709 1058 1754 er
1084 1711 1144 1756 ne-

214 1783 354 1844 cessitate
378 1780 563 1855 accideren13
585 1801 658 1844 nam
684 1801 719 1844 ea
742 1801 822 1868 quae
843 1779 1145 1880 suntcontingentia

215 1883 248 1932 ut
273 1871 303 1934 in
326 1869 496 1956 pluribus
489 1889 520 1932 ιιι
544 1870 603 1934 hoc
626 1869 693 1934 solo
716 1891 733 1934 a
772 1868 952 1934 necessariis
990 1866 1145 1934 dillerunt

217 1957 301 2041 quod
326 1972 453 2043 possunt
476 1958 507 2020 in
532 1959 643 2022 minori
668 1972 753 2043 parte
776 1957 919 2022 deficere.
934 1955 1018 2020 Esset
1034 1970 1143 2022 autem

217 2061 322 2110 contra
348 2047 497 2111 rationem
523 2047 644 2111 divinae
669 2046 858 2134 providentia
892 2046 918 2109 si
956 2045 1060 2110 omnia
1101 2069 1144 2113 ex

216 2135 396 2200 necessitate
419 2136 642 2220 contingerent,
666 2137 776 2217 utlc.
801 2136 873 2217 72)
896 2147 1054 2199 ostensum
1081 2150 1144 2200 est.

215 2222 311 2307 lgitur
334 2238 363 2288 ct
386 2238 491 2290 contra
517 2226 668 2289 rationem
694 2223 904 2312 providentiae
922 2223 1044 2288 drvtnae
1056 2240 1142 2290 esset

215 2314 239 2377 si
264 2312 341 2377 nihil
365 2312 451 2377 lieret
474 2312 631 2378 fortuitum
657 2327 686 2378 et
710 2313 874 2378 casuale
868 2333 897 2376 m
922 2311 1025 2376 rebus

280 2401 430 2486 Amplius,
454 2401 565 2467 Contra
591 2403 742 2467 rationem
767 2401 979 2489 providentiae
1008 2414 1089 2465 essct
1114 2402 1144 2465 si

214 2598 299 2655 nem,
322 2599 392 2644 cum
419 2580 630 2681 providentiae
651 2581 689 2644 sit
712 2581 816 2645 omnia
851 2579 1036 2644 ordinare
1030 2600 1060 2642 m
1100 2579 1141 2644 fi-

215 2687 301 2738 nem·
323 2681 405 2733 esset
430 2669 522 2733 etiam
547 2683 652 2733 contra
681 2668 901 2755 perlectionem
937 2667 1072 2732 universi
1111 2670 1139 2732 si

216 2757 299 2822 nulla
323 2777 372 2822 res
395 2757 601 2844 corruptibilis
625 2775 705 2822 esset
729 2779 785 2823 nee
809 2757 911 2842 aliqua
951 2757 1046 2820 virtus
1085 2756 1139 2820 de-

216 2845 310 2911 licere
334 2859 454 2932 potens,
476 2861 509 2910 ut
532 2866 567 2910 cx
591 2847 773 2931 supradietis
798 2849 847 2928 (c.
872 2846 910 2909 ll
938 2859 968 2908 et
991 2843 1060 2926 ts)
1084 2867 1140 2932 pa·

217 2949 269 2999 tet.
295 2936 335 3000 Ex
360 2937 418 3000 hoc
442 2950 545 3000 autem
570 2936 652 3020 quod
677 2936 800 3020 aliquod
825 2954 919 3020 agens
954 2948 1082 3021 propter
1105 2934 1139 2998 li-

218 3045 290 3089 nem
316 3025 419 3090 deticit
444 3024 483 3089 ab
508 3025 651 3111 eoquod
687 3026 826 3101 intendit,
862 3023 1001 3108 sequitur
1036 3022 1140 3108 aliqua

215 3135 286 3178 casu
311 3116 500 3198 contingere.
526 3113 611 3178 Esset
634 3114 726 3198 igitur
749 3127 854 3178 contra
879 3113 1031 3175 rationem
1067 3132 1138 3193 pro-

215 3203 369 3268 videntiae
393 3218 423 3268 et
447 3201 643 3290 perfectionis
668 3223 771 3267 rerum
796 3203 820 3267 si
834 3221 896 3267 non
914 3213 1016 3264 essent
1033 3199 1137 3286 aliqua

215 3293 357 3358 casualia.

282 3381 400 3460 Adhuc,
435 3379 598 3444 llultitudo
631 3391 660 3444 et
694 3379 852 3444 diversitas
893 3397 1058 3444 causarum
1097 3397 1134 3442 ex

216 3467 325 3532 ordine
349 3469 559 3554 providentiae
583 3468 704 3532 divinae
717 3484 746 3533 et
763 3468 969 3554 dispositionis
986 3465 1134 3554 procedit.

215 3557 381 3644 Supposita
421 3569 523 3622 autem
562 3576 724 3620 causarum
758 3557 981 3643 dispositione,
1014 3567 1136 3642 oportet

215 2509 264 2554 res
288 2490 497 2576 providentiae
521 2489 677 2592 subjectae
700 2511 763 2556 nen
793 2503 919 2575 agerent
953 2503 1080 2576 propter
1104 2490 1142 2555 fi·
1217 2537 1218 2554 t
