2514 3972
227 220 293 287 570
505 242 561 288 ιιι.
592 242 634 288 ιιι.
663 241 727 288 car.
755 241 834 290 oret.
913 277 916 286 ,

225 307 361 376 bominis
383 309 498 378 elevari
522 324 621 399 potest
644 311 676 378 in
698 311 813 391 Deum,
834 309 862 378 si
883 308 951 396 quis
973 308 1018 376 eis
1040 307 1075 374 iu
1097 327 1145 376 re·

224 400 394 465 carentiam
418 399 477 466 Dei
500 401 605 468 debito
628 399 722 468 modo
745 401 911 480 utatur,ita
925 397 1017 464 etiam
1033 418 1144 464 eorum

223 486 379 554 indebitus
402 509 475 556 usus
498 489 556 556 vel
570 503 707 556 mentem
730 510 748 556 a
764 490 831 556 Deo
844 488 975 558 totaliter
986 486 1144 565 abstrahit,

221 575 300 643 dun
341 578 373 642 in
409 577 605 646 inferioribus
642 578 735 646 rebus
758 579 952 646 constituitur
982 576 1144 644 voluntatis

223 663 306 744 linis,
328 665 377 735 vel
402 667 514 734 mentis
538 667 741 736 intentionem
764 689 781 733 a
808 667 877 733 Deo
899 664 1044 746 retardat,
1067 664 1143 732 dum

225 753 305 820 ultra
329 775 422 841 quam
447 776 574 822 necesse
595 757 635 822 sit
657 756 697 821 ad
720 756 899 842 hujusmodi
916 776 965 820 res
981 753 1142 821 allicimur.

223 841 275 908 Est
299 859 402 910 autem
426 844 528 910 divina
552 845 600 910 les
624 844 662 910 ad
687 845 747 910 boc
770 844 979 932 principaliter
1004 843 1075 909 data
1109 857 1143 908 ut

223 930 319 998 bomo
344 932 511 1000 adhaereat
534 933 611 1000 Deo.
636 933 771 1000 Pertinet
793 935 886 1020 igitur
908 933 947 1000 ad
970 932 1071 1017 legem
1095 931 1143 998 di·

223 1021 328 1086 vinam
350 1019 495 1088 ordinare
518 1023 677 1090 bominem
700 1023 781 1090 eirca
804 1022 1012 1111 corporalium
1026 1035 1058 1088 et
1072 1041 1142 1088 sen·

225 1108 361 1176 sibilium
385 1111 578 1178 affectionem
603 1126 633 1177 et
656 1131 758 1178 usum.
1021 1130 1026 1137 ’

293 1199 413 1278 Adbuc,
436 1200 521 1265 Siom
544 1219 632 1268 mens
652 1201 791 1268 bominis
814 1200 974 1268 ordinatur
990 1198 1048 1266 sub
1070 1199 1150 1277 Deo,

227 1287 270 1352 ita
293 1307 406 1375 corpus
427 1289 487 1355 sub
510 1290 613 1356 anima
636 1288 808 1362 ordinatur.
830 1304 861 1356 ct
883 1287 1045 1356 inferiores
1068 1289 1150 1354 vires

222 1376 283 1444 sub
307 1377 436 1443 ratione.
460 1377 597 1444 Pertinet
619 1391 724 1445 eutem
747 1379 786 1444 ad
809 1377 945 1448 divinam
983 1377 1150 1464 providen-

224 1466 307 1544 tiam,
328 1467 417 1551 cujas
439 1466 567 1553 quidem
592 1468 681 1544 ratio,
704 1467 823 1534 bomini
847 1489 864 1534 a
888 1468 955 1534 Deo
980 1469 1150 1554 proposita,
1244 1523 1245 1530 ,

224 1553 329 1619 diuina
353 1554 402 1622 lex
425 1570 481 1635 est,
504 1569 539 1622 ut
561 1555 684 1641 singula
706 1577 798 1624 suum
832 1556 976 1624 ordinem
1010 1569 1149 1622 teneant.
1244 1549 1245 1572 ¹

224 1641 275 1708 list
298 1642 392 1728 igitttr
415 1645 459 1710 sic
482 1645 578 1710 bomo
602 1645 792 1710 ordinandus
815 1645 884 1731 lege
910 1645 1012 1710 divina
1042 1658 1077 1710 ut
1100 1647 1150 1712 in·
1244 1653 1245 1694 l

224 1730 353 1797 seriores
377 1733 457 1799 vires
481 1734 592 1802 rationi
615 1733 799 1812 subdantur,
821 1747 852 1800 et
873 1755 985 1821 corpus
1013 1736 1151 1814 animae,

224 1833 256 1886 et
279 1821 447 1888 exteriores
470 1841 520 1888 res
543 1822 583 1888 ad
606 1824 820 1912 necessitatem
832 1823 951 1888 bomini
963 1823 1150 1892 deserviant.

292 1910 443 1996 Amplius,
466 1911 629 1992 Quaelibet
651 1911 700 1978 lex
723 1925 806 1979 recte
840 1912 994 2000 proposita
1031 1911 1151 1980 inducit

224 1996 266 2064 ad
288 1998 442 2064 virtutem.
467 2000 568 2066 Virtus
592 2013 695 2072 autom
734 2001 766 2066 in
800 2001 859 2066 boc
892 2001 1029 2068 coassistit
1062 2001 1150 2088 quod

224 2099 288 2152 taur
311 2087 473 2155 interiores
495 2088 670 2156 affectiones
693 2109 787 2175 quam
809 2089 1016 2177 corporalium
1040 2109 1150 2156 rerum

222 2195 297 2242 usus
320 2177 440 2242 ratione
464 2178 655 2262 regulcntur.
678 2178 730 2244 Est
752 2178 845 2265 igitur
868 2183 927 2246 boe
951 2178 1020 2264 lege
1041 2178 1150 2246 divina

221 2265 433 2332 statuendum.
735 2313 738 2322 .

185 2355 192 2364 ’
292 2353 466 2433 Praeterea,
490 2353 535 2420 td
559 2375 816 2442 unumquemque
847 2355 1053 2441 legislatorem
1079 2377 1151 2445 per·

223 2442 301 2508 tinet
322 2441 392 2526 lege
415 2456 550 2508 statuere
578 2463 614 2508 ιι
648 2444 714 2510 sine
749 2445 862 2530 quibus
902 2445 952 2514 lex
989 2445 1151 2515 obseruari

222 2550 288 2596 nou
322 2545 434 2618 potest.
468 2530 548 2598 Cum
584 2544 689 2600 autem
713 2532 763 2598 lex
796 2534 908 2600 rationi
945 2549 1150 2622 proponatur,

223 2620 321 2685 bomo
344 2619 447 2706 legem
471 2641 534 2686 non
557 2634 738 2706 sequeretur
761 2621 819 2688 nisi
843 2621 902 2690 alie
924 2625 1027 2690 omnia
1057 2643 1151 2710 ‚quae

223 2709 378 2795 pertinent
400 2709 439 2776 ad
464 2709 624 2776 bominem
648 2710 758 2778 rationi
780 2711 996 2781 subderentur.
1010 2711 1151 2783 Pertinet

223 2798 317 2882 igitur
338 2798 379 2864 ud
402 2797 504 2883 legem
518 2797 654 2866 divinam
683 2799 859 2886 praecipere
883 2813 915 2866 ut
938 2802 1042 2870 omnia
1066 2823 1149 2890 quae

222 2900 294 2952 sunt
317 2887 451 2954 bomin'u
475 2887 586 2952 rationi
610 2887 792 2954 subdantur.

289 2974 367 3042 Hinc
389 2989 436 3042 est
458 2976 541 3061 quod
577 2975 699 3042 dicitur:
731 2976 929 3044 Rotiooobile
965 2977 1149 3067 obseouium

222 3075 369 3144 oestrum,
393 3063 494 3142 Rom,
520 3065 573 3144 lP,
599 3065 629 3142 l;
652 3079 692 3129 et:
716 3065 858 3131 Hoeeest
894 3067 1038 3134 uoluntas
1076 3069 1150 3148 Dei,

223 3155 427 3241 sanctificatio
450 3164 566 3232 vestra,
591 3153 604 3220 l
648 3155 768 3235 Thess..
792 3154 823 3234 l,
847 3155 878 3220 3.

290 3242 350 3310 Per
371 3242 432 3310 hoc
469 3256 572 3308 autem
611 3243 784 3310 excluditur
818 3245 1025 3331 quorumdam
1058 3266 1149 3313 error

223 3329 393 3398 dicentium
418 3329 469 3397 illa
494 3331 595 3397 solum
620 3351 686 3398 esse
703 3345 828 3421 peccata
851 3334 963 3424 quibus
986 3335 1150 3425 proximus

225 3433 277 3486 aut
302 3419 467 3486 offenditur
491 3433 545 3488 aut
565 3421 797 3491 scandalizatur.

1238 3843 1240 3930 l
