2516 3968
211 313 214 318 .
433 272 488 315 trs.
513 273 554 316 ιιι.
578 271 641 318 car.
666 271 712 317 cn.
971 254 1037 320 tue

118 339 282 427 Apostolus
305 337 388 406 dicit:
415 340 668 407 Pruedesta'nacit
690 359 748 406 aea
770 341 803 405 ia
840 341 1038 426 adoptionem

118 433 296 520 filioram...
325 429 493 495 secandam
523 432 719 515 propositam
751 431 920 496 uoluntatis
952 452 1038 506 auca,

118 521 152 586 ira
176 519 300 586 laudem
322 519 443 604 plotina
463 521 584 605 pectine
606 540 694 594 saue,
715 525 749 584 ira
771 539 833 604 quo
848 519 1039 606 qratifiauuit

119 629 176 674 nos
198 609 232 673 in
253 608 366 673 dilecto
389 608 470 674 Filio
492 629 558 687 sau,
580 608 704 696 Ephes,
730 608 760 686 l,
784 607 815 673 5.

128 723 129 727 ’
186 695 314 782 Oportet
337 708 440 762 autem
464 697 546 762 hanc
568 698 698 782 gratiam
715 695 831 783 aliquid
855 697 886 762 in
910 696 1038 763 homine

118 786 288 872 gratificato
311 804 389 865 esse,
412 786 498 873 quasi
521 785 689 872 quamdam
712 785 846 852 lormam
869 798 900 851 et
916 785 1034 873 perlec-

117 877 233 942 tionem
257 873 363 959 ipsius.

185 963 277 1047 Quod
299 963 382 1028 enim
406 962 439 1028 in
461 962 599 1049 aliquem
623 963 719 1028 tinem
742 961 884 1047 dirigitur
915 976 1038 1050 oportet

119 1053 203 1140 quod
216 1051 327 1118 habeat
338 1052 518 1117 ‹rontinuum
541 1051 682 1118 ordinem
697 1053 729 1116 in
745 1051 858 1138 ipsnm3
881 1073 954 1122 nam
971 1073 1037 1118 mo·

121 1162 196 1207 aens
219 1141 364 1207 continue
387 1154 484 1206 mutat
507 1161 669 1228 quousque
698 1140 814 1206 mobile
836 1161 892 1227 per
916 1155 1037 1206 motum

119 1231 215 1299 linem
237 1231 391 1294 sortiatur.
416 1227 492 1295 Cum
516 1229 610 1315 igitur
631 1229 748 1296 auxilio
764 1228 886 1295 divinae
921 1230 1038 1314 gratiae

118 1319 214 1386 homo
237 1318 387 1402 dirigatur
408 1317 441 1382 in
479 1318 623 1384 ultimum
661 1316 768 1394 finem,
807 1331 840 1383 ut
876 1332 1035 1384 ostensum

103 1423 165 1484 ,est
186 1409 230 1488 (c.
255 1407 344 1492 ttt),
366 1421 486 1492 oportet
501 1407 584 1494 quod
609 1408 755 1476 continue
778 1406 875 1472 homo
898 1407 955 1472 isto
979 1427 1035 1472 au-

119 1497 192 1562 xilio
216 1497 349 1584 potiatur
371 1516 533 1583 quousque
556 1495 595 1562 ad
628 1495 724 1562 finem
763 1495 931 1582 perveniat.
971 1495 1037 1562 lloc

119 1599 224 1651 autem
248 1606 310 1650 non
332 1597 423 1660 esset,
432 1586 456 1651 si
470 1585 659 1670 praedictum
675 1583 822 1650 auxilium
839 1583 1036 1672 participaret

119 1676 215 1741 homo
248 1674 419 1739 secundum
454 1674 589 1760 aliquem
611 1685 731 1738 motam
756 1686 808 1738 aut
847 1673 1035 1760 passionem,

112 1777 151 1828 et
175 1783 236 1828 non
261 1762 431 1828 secundum
456 1763 590 1849 aliquam
617 1761 750 1828 lormam
789 1775 969 1828 manentem
1006 1775 1037 1827 et

119 1853 207 1940 quasi
229 1852 437 1938 quiescentem
460 1852 491 1916 in
516 1853 594 1938 ips0;
618 1865 719 1916 rnotus
743 1850 827 1916 eninr
866 1862 897 1916 et
935 1851 1036 1936 passio

119 1941 187 2006 talis
204 1961 266 2006 non
289 1953 369 2006 esset
392 1940 423 2006 in
447 1941 574 2006 homine
597 1940 654 2006 nisi
678 1938 802 2026 quando
819 1949 889 2004 actu
905 1959 1035 2004 conver-

117 2044 235 2096 teretur
257 2029 289 2094 in
312 2029 418 2106 linem,
442 2029 523 2114 quod
550 2050 613 2094 non
648 2029 794 2094 continue
830 2027 870 2093 ab
909 2027 1036 2094 homine

118 2119 231 2204 agitur,
253 2131 287 2183 ut
309 2118 473 2206 praecipue
495 2131 578 2203 patet
600 2118 631 2181 in
655 2116 891 2184 dormientibus.
915 2115 966 2180 list
991 2137 1039 2182 er-

117 2228 160 2292 go
184 2206 281 2293 gratia
305 2221 427 2292 gratum
452 2205 566 2272 iaciens
588 2205 690 2290 aliqua
713 2204 814 2270 iorma
837 2217 867 2268 et
889 2202 1038 2289 perfectio

118 2297 152 2362 iu
174 2296 302 2362 homine
325 2313 465 2370 manens,
488 2295 580 2359 etiam
604 2292 727 2380 quando
750 2313 814 2358 nou
837 2305 992 2378 operatur.

186 2385 304 2462 Adhuc,
337 2383 467 2450 Dilectio
489 2383 546 2448 llei
573 2396 619 2447 est
652 2381 805 2447 causativa
845 2380 919 2446 boui
953 2381 1037 2467 quod

118 2475 150 2540 in
174 2474 264 2540 nobis
286 2487 343 2548 eet,
366 2472 444 2538 sicut
466 2471 589 2537 dilectio
612 2470 746 2535 hominis
785 2481 969 2555 provocatur
1006 2484 1037 2536 et

118 2576 263 2628 causatur
289 2581 328 2629 ex
350 2561 453 2648 aliquo
477 2562 560 2627 bono
582 2558 666 2645 quod
690 2559 720 2624 in
745 2557 857 2624 dilecto
879 2572 935 2624 est.
974 2557 1036 2624 Sed

117 2651 215 2717 homo
238 2663 422 2739 provocatur
445 2650 484 2715 ad
510 2649 683 2736 specialiter
698 2646 831 2732 aliquem
845 2645 1037 2731 diligendum

116 2753 245 2827 propter
267 2739 390 2826 aliquod
414 2739 546 2825 speciale
569 2738 686 2804 bonum
710 2737 742 2802 in
765 2735 876 2802 dilecto
900 2737 1039 2821 praeexi-

116 2843 212 2894 stens.
237 2829 328 2914 Ergo,
352 2828 403 2894 ubi
426 2829 551 2914 ponitur
572 2825 712 2912 specialis
746 2823 869 2890 dilectio
905 2824 963 2890 Dei
998 2824 1037 2890 ad

116 2917 289 2998 hominem,
312 2929 432 3003 oportet
455 2916 539 3003 quod
562 2926 789 3001 consequenter
812 2923 944 2998 ponatur
982 2913 1037 2978 ali·

116 3005 202 3091 quod
225 3006 357 3093 speciale
380 3005 498 3071 honum
521 3005 640 3070 homini
663 3025 681 3067 a
704 3002 772 3068 Deo
789 2999 944 3067 collatum.
959 2999 1037 3068 Cum

116 3094 221 3178 igitur,
242 3093 413 3161 secundum
438 3093 605 3179 praedicta,
628 3092 724 3177 gratia
761 3102 883 3175 gratum
922 3087 1037 3158 faciens

116 3183 259 3270 designet
281 3181 446 3271 specialem
470 3181 665 3248 dilectionem
690 3178 747 3244 [lei
786 3177 825 3244 ad
864 3178 1036 3258 bominem,

116 3287 240 3358 oportet
261 3272 346 3360 quod
369 3269 470 3356 aliqua
497 3269 637 3356 specialis
662 3268 785 3334 bonitas
822 3277 853 3331 et
888 3265 1035 3354 perfectio

116 3381 175 3448 per
197 3361 257 3427 hoc
280 3358 399 3427 homini
424 3361 527 3424 inesse
549 3358 738 3442 designetur.

184 3449 334 3536 Amplius,
356 3446 606 3534 Unumquodque
628 3445 789 3510 ordinatur
812 3441 843 3508 in
867 3441 960 3510 linem
976 3445 1037 3511 sibi

116 3541 356 3608 convenientem
378 3535 551 3604 secundum
574 3535 726 3602 rationem
749 3552 823 3600 suae
847 3530 974 3613 formam
990 3534 1036 3602 di·
