2462 3968
212 233 277 299 uto
433 255 489 300 ern.
513 255 554 299 ιιι.
579 253 642 299 cnr.
666 251 762 300 ιιιιιι.
786 253 821 297 ιιι
844 253 929 300 nuru.

279 322 451 402 Praeterea,
473 324 517 389 Ad
540 323 682 388 ordinem
705 321 1140 411 divinaeproridentiaeper·

210 413 286 477 tinet
309 426 342 476 ut
364 414 402 478 sit
424 413 502 478 ordo
525 425 555 477 et
578 411 691 496 gradus
714 413 745 476 in
768 413 877 476 causis.
890 411 1015 494 Quanto
1027 425 1138 478 autem

209 516 255 566 est
271 500 372 586 aliqua
395 502 537 588 superior
557 521 661 578 causa,
683 514 767 566 tanto
788 512 836 566 est
860 500 984 586 majoris
1001 502 1138 579 virtutis3

209 590 292 655 unde
315 589 381 676 ejus
405 590 565 656 causalitas
589 589 628 654 ad
651 589 739 676 plura
774 609 807 654 se
830 588 975 654 extendit.
1012 590 1137 656 Nullius

208 693 311 745 autem
335 700 447 744 causae
470 678 617 744 naturalis
640 679 768 742 intentio
805 699 839 742 se
877 678 1012 742 extendit
1051 679 1136 745 ultra

207 769 351 833 virtutem
374 767 453 852 ejus3
476 781 556 834 esset
578 767 661 832 enim
684 765 805 832 lrustra.
818 765 947 854 Oportet
958 787 1032 852 ergo
1044 768 1136 852 quod

206 855 336 922 intentio
360 877 471 922 causae
496 855 686 942 particularis
710 877 772 920 non
808 877 842 921 ee
865 856 1008 921 extendat
1031 856 1072 921 ad
1097 879 1134 922 o·

206 947 291 1010 mnia
315 967 394 1031 quae
417 947 596 1030 contingere
619 957 754 1030 possunt.
779 944 820 1008 Ex
844 945 904 1010 boc
926 961 1029 1011 autem
1052 966 1135 1012 con·

206 1035 295 1119 tingit
318 1034 432 1120 aliquid
456 1034 619 1100 casualiter
642 1033 688 1098 vel
711 1033 837 1098 fortuito
876 1035 960 1120 quod
982 1036 1135 1101 eveniunt

206 1123 307 1208 aliqua
331 1137 453 1211 praeter
476 1123 678 1188 intentionem
712 1123 880 1206 agentium.
915 1122 1000 1188 Ordo
1034 1123 1134 1207 igitur
1220 1125 1221 1132 ’

205 1211 326 1276 divinae
350 1212 560 1298 providentiae
582 1211 676 1296 exigit
699 1211 844 1297 quod.sit
877 1233 965 1279 casos
998 1225 1029 1277 et
1064 1211 1133 1276 lor-

205 1313 278 1365 tuna
304 1302 333 1365 in
363 1302 465 1366 rebus.

272 1390 349 1454 llinc
372 1405 417 1456 est
441 1389 524 1476 quod
548 1387 668 1454 dicitur:
699 1387 768 1452 Vidi
791 1409 844 1455 occ
880 1391 1028 1455 velocium
1061 1411 1133 1456 erae

205 1499 341 1558 atterum,
362 1501 418 1545 uec
461 1479 588 1562 sortitore
625 1477 750 1550 bellum,
772 1499 827 1542 neo
856 1479 1041 1562 sapientium
1070 1501 1132 1563 pu-

204 1588 283 1648 nem,
306 1591 361 1634 nec
383 1570 543 1634 doctorum
565 1567 704 1645 divitior,
725 1587 780 1631 aec
802 1569 961 1652 artificum
981 1570 1134 1652 proriam

203 1658 259 1722 aad
283 1670 400 1740 tempus
438 1676 601 1740 corumque
626 1657 658 1721 io
696 1655 847 1736 monibus,
881 1657 990 1735 Eoole,
1016 1657 1047 1736 9,
1072 1659 1131 1737 ll,

203 1747 318 1813 scilicet
341 1746 547 1828 inferioribus.

509 1921 819 1990 clruruxxv.

292 2101 382 2183 Quod
400 2101 598 2187 prouidentia
613 2099 728 2200 'diuino
755 2101 794 2163 rit
828 2103 1034 2188 riopulorium

537 2199 784 2274 concrepantium.

266 2369 307 2433 Ex
333 2369 380 2432 his
415 2379 518 2433 autem
542 2385 623 2453 quae
658 2378 780 2430 ostensa
818 2380 889 2432 sunt
922 2369 1125 2438 manifestum

199 2457 232 2523 fir
256 2457 338 2543 quod
363 2457 464 2521 divina
488 2454 679 2538 prouidentia
703 2457 843 2540 prouenit
873 2460 1033 2546 usquead
1057 2462 1124 2527 siu·

198 2547 316 2632 gularia
341 2545 565 2632 generabilium
588 2556 618 2608 et
641 2543 898 2630 corruptibilium.

264 2635 332 2701 Non
355 2635 439 2699 enim
464 2633 584 2698 videtur
607 2633 720 2697 borum
755 2653 817 2697 non
851 2655 919 2700 esse
953 2636 1122 2723 providen-

197 2725 270 2790 tiam
296 2724 352 2808 nisi
376 2736 502 2811 propter
525 2742 634 2786 eorum
657 2721 899 2806 contingentiam
923 2738 953 2788 et
992 2726 1064 2812 quia
1087 2727 1121 2791 in

195 2814 239 2878 eis
264 2814 360 2878 multa
383 2811 549 2877 casualiter
568 2823 597 2874 et
632 2808 757 2874 lortuito
796 2812 953 2892 avenione
992 2815 1024 2878 in
1060 2815 1122 2880 boc

195 2904 278 2968 enim
302 2903 404 2967 solnm
428 2899 574 2964 dil'lerunt
598 2898 637 2964 ab
660 2899 943 2986 incorruptibilibus
983 2915 1015 2967 et
1052 2905 1120 2969 uni·

193 2991 364 3057 cerealibus
387 2988 633 3075 corruptibilium
647 2986 721 3073 ,(1),
745 3008 878 3073 quorum
917 2989 1024 3056 dicunt
1048 3013 1118 3078 pro·

193 3081 361 3146 ridentium
386 3098 462 3144 esse.
486 3075 701 3142 Providentiae
735 3091 838 3144 autem
863 3100 925 3144 non
963 3095 1118 3168 repugnat

244 3255 285 3325 (l)
307 3257 504 3310 universarum
530 3254 765 3323 corruptibilium...
795 3254 956 3309 Universalia
985 3259 1116 3327 corrupti·

190 3328 283 3379 bilium
302 3336 480 3396 suutgcnera,
504 3327 610 3396 speeies,
630 3333 692 3387 eto..
722 3341 813 3379 rerum
843 3328 1066 3398 corruptibilium3
1087 3330 1115 3381 in

189 3401 382 3452 universalibus
401 3400 469 3451 enim
489 3399 553 3450 nihil
576 3397 715 3450 causaliter
741 3405 768 3450 et
797 3397 907 3451 fortuito
936 3401 1036 3468 evenit,
1068 3401 1115 3453 aed

190 3476 293 3522 tantum
312 3471 338 3520 in
357 3471 437 3521 rebus
464 3468 642 3537 singularibus
671 3483 739 3537 quae
768 3469 819 3521 sub
849 3469 889 3522 bis
923 3471 1115 3526 universalibus

190 3540 462 3609 comprehenduntur.
627 3552 629 3557 ·
