2516 3968
221 229 287 297 tol
435 250 492 295 tte.
515 250 547 294 u.
569 249 634 295 usn.
657 247 766 295 curun.
790 247 967 293 cresunt.

218 331 266 386 est
289 315 462 385 sollicitudo
485 337 594 384 eornm
617 329 792 406 quaesunt
824 315 996 382 necessaria
1029 312 1071 380 ad
1095 311 1139 378 ri·

220 421 283 474 tam
308 419 434 494 propter
457 407 714 494 impedimentum
737 404 1015 492 contemplationis.

285 494 432 582 Sequitur
453 497 545 562 etiam
569 499 648 562 mira
669 495 851 562 absurditas.
876 493 946 558 Pari
983 494 1068 557 nim
1093 510 1141 556 ra-

217 585 303 654 tione
325 597 425 671 potest
446 584 550 652 dieerc
571 585 656 671 qnod
691 604 756 650 non
784 583 856 648 uelit
879 581 1051 656 ambulare,
1088 592 1143 644 ant

218 674 340 763 aperire
362 693 398 740 os
419 672 459 738 ad
493 673 662 752 edendnm;
695 686 748 739 ant
779 671 887 758 lugere
921 669 1057 758 lapidem
1091 688 1144 734 ea·

217 763 345 830 dentem
380 775 433 827 aut
465 762 604 847 gladium
642 765 844 840 irruentem,
881 760 937 826 sed
974 772 1141 845 expectare

218 851 303 940 quod
326 850 412 930 Deus
434 865 590 938 operetur.
612 851 697 939 qnod
718 864 765 916 eat
788 851 889 916 lleum
912 862 1043 915 tentare.
1067 846 1138 911 Non

221 953 268 1010 est
290 941 384 1028 igitur
403 939 577 1006 sollicitudo
599 942 695 1006 victus
719 939 851 1005 totaliter
887 935 1071 1024 abjicienda.

497 1061 671 1130 citur
704 1061 863 1129 Clllllllll.

412 1167 570 1250 Quomodo
598 1181 771 1256 paupertas
793 1171 834 1234 sit
857 1167 947 1232 bonu.

287 1289 325 1356 Ut
347 1302 452 1356 autem
476 1290 716 1379 praemissorum
732 1293 842 1357 veritas
858 1289 1070 1355 manifestetur
1082 1253 1147 1375 (l),

220 1378 297 1468 quid
320 1377 360 1446 de
383 1393 564 1469 paupertate
586 1381 782 1448 sentiendum
804 1381 843 1446 sit
870 1399 908 1445 ex
930 1378 1043 1444 divitiis
1065 1398 1145 1444 con·

217 1469 399 1537 uideremus.

288 1557 460 1624 Exteriores
484 1559 610 1646 quidem
646 1559 769 1644 diuitiae
791 1571 863 1624 sunt
886 1556 1079 1622 necessariae
1103 1557 1144 1622 ad

220 1644 339 1712 bonum
363 1648 492 1726 virtutis,
514 1669 586 1714 cum
621 1669 677 1734 per
709 1669 762 1714 eas
795 1660 1001 1713 sustentemus
1027 1663 1145 1732 eorpus

220 1747 252 1800 et
274 1734 341 1800 aliis
365 1736 595 1803 subveniamus.
619 1735 749 1824 Oportet
771 1750 875 1802 eutem
899 1734 981 1822 quod
1000 1755 1038 1800 ea
1062 1753 1145 1820 quae

219 1823 355 1890 suntad
378 1823 473 1900 linem
497 1845 535 1890 ex
558 1825 620 1892 fine
643 1827 812 1892 bonitatem
835 1824 994 1911 accipiant.
1011 1823 1145 1890 lleeesse

217 1925 363 2066 sest
385 1913 1140 2093 tltltttltttllllt:lllltllltll?

217 2087 312 2168 rium3
335 2109 407 2156 nam
430 2089 499 2158 linis
528 2093 740 2180 principaliter
762 2107 808 2160 est
830 2093 961 2170 bonnm,
982 2091 1043 2156 nlia
1067 2111 1142 2156 uero

216 2178 389 2248 secundum
412 2181 495 2268 qnod
519 2181 700 2248 ordinantur
724 2185 754 2248 in
778 2182 892 2254 linem.
908 2180 1038 2268 Propter
1070 2180 1144 2257 hoe,

215 2268 402 2354 quibusdam
437 2271 534 2336 uisum
558 2285 604 2336 est
637 2271 721 2358 quod
752 2273 878 2338 virtutes
911 2269 972 2334 sint
1004 2269 1141 2335 maxima

215 2357 298 2422 bona
331 2357 476 2439 hominis,
510 2361 678 2431 exteriores
700 2374 803 2426 autem
826 2359 949 2426 divitiae
982 2357 1138 2444 quaedam

216 2445 346 2512 minima
370 2445 461 2513 bona.
485 2445 614 2536 Oportet
637 2463 741 2515 antem
775 2448 859 2537 qnod
882 2468 918 2515 ea
952 2467 1032 2534 quae
1066 2463 1141 2512 snut

217 2532 376 2600 adfinem
407 2537 536 2604 modurn
570 2539 721 2626 accipiant
743 2537 914 2605 secundum
947 2537 1136 2621 exigentiam

218 2621 298 2689 linis.
323 2622 477 2692 lntnntnm
501 2627 592 2712 igitur
614 2627 738 2693 divitiae
754 2627 854 2693 bonae
868 2641 941 2692 sunt
954 2625 1140 2710 inquantum

218 2711 384 2799 proliciunt
405 2715 444 2780 nd
468 2735 558 2782 nsum
594 2716 722 2782 virtutis.
760 2716 792 2782 Si
828 2736 902 2782 vero
935 2717 991 2780 iste
1019 2713 1145 2778 -modns

219 2800 390 2868 excedatur·
407 2817 441 2869 ut
463 2804 648 2891 impediatur
670 2826 743 2872 usus
759 2805 888 2884 uirtutis,
904 2823 966 2870 nou
978 2801 1044 2888 jam
1062 2802 1144 2868 inter

221 2888 302 2956 bona
325 2892 532 2978 computande
555 2908 636 2974 sunt,
659 2896 714 2961 sed
736 2895 816 2962 iuter
838 2893 929 2960 mala.
954 2890 1040 2956 Unde
1061 2893 1142 2956 acci·

220 2977 264 3044 dit
287 2979 472 3066 quibusdam
496 2981 614 3048 bonum
637 3003 707 3049 esse
730 2984 844 3050 habere
866 2982 996 3060 divitias,
1018 2980 1072 3067 qni
1095 2981 1143 3046 eis

220 3069 406 3134 utunturnd
430 3071 567 3149 virtutes;
589 3071 775 3160 quibusdem
799 3091 871 3138 vero
895 3071 1010 3136 malum
1027 3083 1075 3134 est
1086 3089 1140 3134 eas

218 3155 346 3233 habere,
370 3159 422 3244 qui
445 3179 502 3245 per
523 3179 576 3226 eas
598 3163 742 3228 evirtute
757 3155 966 3236 retrahuntur,
980 3157 1027 3224 vel
1041 3158 1140 3224 nimia

216 3245 423 3330 sollicitudine
445 3247 493 3314 uel
515 3249 610 3315 nimia
632 3249 794 3317 affectione
815 3250 855 3315 od
879 3251 959 3338 ipsas
979 3247 1141 3314 ueletiam

216 3335 330 3401 mentis
353 3335 485 3404 elatione
507 3358 545 3404 ex
567 3340 612 3404 eis
633 3354 851 3427 consurgente.
941 3373 944 3382 ·

267 3453 307 3525 ll)
329 3455 363 3511 tu
379 3463 467 3513 euleu
482 3465 686 3529 premissorum
708 3467 832 3518 ueritus...
855 3464 981 3533 intellige:
997 3461 1030 3517 Ut
1049 3471 1139 3518 autem

216 3527 313 3582 veritas
330 3528 512 3589 manifestetur
528 3535 598 3588 cirea
615 3549 725 3605 eaquae
738 3537 765 3589 in
778 3537 927 3608 praemissis
939 3542 1054 3604 tractata
1066 3545 1141 3592 sunt.
