2516 3968
233 213 297 278 ttu
523 231 579 278 tto.
602 227 644 278 ιιι.
669 231 733 278 utu.
756 231 862 276 extuat.

233 301 294 367 fine
318 300 490 368 attendatur
512 303 650 368 diversus
673 298 905 386 gubernationis
934 299 1045 366 modus
1071 302 1153 366 circa

232 390 375 457 homines
397 405 428 456 et
450 389 525 458 alias
547 389 708 456 inferiores
732 403 898 456 creaturos.
914 389 955 456 Ea
969 391 1053 455 enim
1071 410 1156 476 quae

232 491 306 544 sunt
330 479 368 544 ad
392 480 486 546 linem
509 500 636 546 necesse
669 492 715 544 est
739 479 793 544 fini
817 499 884 544 esse
909 479 1153 567 proportionata.

231 566 262 632 Si
287 569 380 654 igitur
402 569 498 634 homo
521 569 682 635 ordinatur
707 568 737 634 io
774 568 869 634 linem
892 568 945 654 qui
968 568 1033 652 ejus
1055 566 1156 632 loeul·

231 669 324 722 tatem
347 658 520 724 naturalem
554 658 684 733 excedit,
718 677 845 724 neeesse
880 671 927 722 est
960 656 988 721 ei
1026 654 1153 742 aliquod

230 745 377 811 auxilium
401 747 545 812 divinitus
568 746 708 814 adhiberi
730 747 965 834 supernaturale
988 765 1045 832 per
1068 744 1154 832 quod

232 834 337 900 tendat
360 836 391 900 in
415 838 519 902 linem.

298 923 416 1004 Adhuc,
440 925 500 991 lies
524 924 677 992 inferioris
700 939 828 989 naturae
856 923 886 988 in
922 923 953 988 id
987 922 1073 1009 quod
1107 936 1154 988 est

232 1013 389 1100 proprium
423 1014 590 1100 superioris
626 1027 754 1079 naturae
792 1033 853 1079 non
888 1026 988 1100 potest
1026 1012 1153 1099 perduoi

231 1101 289 1166 nisi
314 1101 424 1168 virtute
447 1103 527 1168 illius
542 1104 710 1190 superioris
727 1117 865 1182 naturae,
879 1103 958 1167 siout
972 1102 1057 1180 lona,
1073 1121 1153 1188 quae

232 1209 270 1254 ex
292 1209 325 1256 se
349 1210 411 1258 non
434 1191 526 1270 lueet,
549 1191 583 1257 fit
606 1191 706 1257 lueida
731 1192 841 1257 virtute
873 1204 904 1257 et
925 1191 1046 1256 notione
1069 1191 1155 1264 solis,

231 1291 262 1343 et
284 1299 374 1366 aqua,
396 1300 476 1368 quae
500 1301 555 1368 per
577 1301 610 1347 se
646 1301 709 1346 oon
731 1280 819 1360 ualet,
843 1279 877 1346 ιιι
909 1279 1007 1346 ualida
1042 1282 1154 1344 virtute

231 1379 262 1432 et
284 1369 404 1434 actione
428 1371 516 1456 ignis.
541 1369 652 1437 Videre
675 1383 778 1434 autem
802 1374 899 1457 ipsam
923 1369 1056 1455 primam
1073 1370 1154 1434 veri-

232 1455 324 1522 tatem
350 1459 381 1524 io
404 1461 503 1545 seipsa
526 1459 567 1524 ita
591 1458 779 1525 transeundit
799 1457 974 1524 fucultatem
997 1459 1155 1527 humatum

230 1559 360 1611 naturae
382 1549 467 1634 quod
490 1561 536 1613 est
559 1547 719 1636 proprium
742 1548 836 1614 solius
852 1547 909 1612 Dei
934 1543 994 1632 ll),
1010 1561 1153 1632 utsupra

229 1634 281 1720 (u.
306 1635 374 1721 tu)
397 1652 556 1706 ostensum
579 1651 635 1703 est.
660 1637 780 1722 lndiget
802 1639 894 1722 igitur
918 1637 1014 1700 homo
1037 1635 1152 1702 auxilio

229 1723 333 1790 divino
356 1725 397 1791 ad
420 1727 479 1794 hoo
501 1727 585 1814 qood
609 1728 641 1792 in
664 1724 780 1792 dietum
804 1726 898 1792 finem
922 1725 1093 1811 perveniat.

295 1811 370 1879 ltem
395 1835 598 1902 unaquaeque
622 1835 670 1881 res
694 1835 749 1902 per
771 1815 984 1901 operationem
999 1833 1091 1878 suam
1107 1812 1151 1878 ul·
1242 1783 1243 1826 ³

228 1901 339 1966 timum
361 1901 456 1969 finem
479 1907 688 1992 consequitur.
714 1901 861 1991 Operatio
884 1916 990 1968 autem
1006 1904 1151 1968 virtutem

228 1991 353 2055 sortitur
376 2009 413 2056 ex
444 1993 594 2080 prinoipio
628 2007 786 2082 operantu
811 1992 895 2059 uude
916 2011 973 2078 par
995 1993 1151 2057 actionem

228 2077 354 2146 seminis
366 2093 532 2165 generatur
547 2083 662 2170 aliquid
674 2084 705 2148 iu
722 2081 925 2148 determinata
937 2081 1051 2168 speeie,
1062 2080 1151 2168 eujus

230 2167 323 2234 virtus
346 2169 379 2234 in
401 2171 521 2236 semine
533 2173 717 2260 praeexistit.
727 2170 798 2262 llon
822 2183 923 2258 potest
946 2170 1039 2254 igitur
1055 2170 1151 2235 homo

228 2275 284 2342 per
306 2261 519 2345 operationem
535 2281 623 2325 suam
645 2263 807 2348 peruenire
832 2261 864 2324 in
889 2258 1034 2325 ultimum
1056 2257 1152 2324 linem

227 2365 330 2424 suum,
353 2347 405 2432 qui
429 2349 617 2414 transcendit
640 2349 815 2416 facultatem
834 2347 1020 2414 naturalium
1046 2361 1156 2435 poten·

227 2434 351 2512 tiorum,
374 2437 432 2501 nisi
454 2435 522 2522 ejus
536 2439 675 2526 operatio
685 2459 722 2503 ox
734 2438 837 2502 divina
853 2437 964 2504 virtute
980 2434 1153 2506 elfiutuiato

226 2522 388 2609 capistro
412 2525 506 2590 linem
537 2527 738 2613 praedictum.

292 2614 441 2700 Amplius,
456 2613 581 2680 Nullum
593 2616 833 2684 instrumentum
856 2614 1029 2680 seeundum
1058 2614 1153 2680 virtu-

226 2713 288 2766 tem
312 2704 454 2790 propriae
478 2702 596 2770 formae
619 2711 719 2791 potest
741 2704 780 2772 ad
804 2703 945 2770 ultimam
979 2703 1153 2794 perducere

225 2789 457 2876 perlectionem,
480 2793 536 2858 sed
559 2792 660 2858 solum
691 2791 862 2860 seeundum
886 2795 1031 2857 virtutem
1066 2794 1153 2879 prin-

225 2879 333 2966 oipalis
356 2883 485 2966 aperitis,
509 2881 650 2968 quamvis
674 2881 845 2948 seeundum
876 2880 1034 2969 propriam
1059 2883 1153 2948 virto-

226 2980 288 3038 tetn
312 2967 449 3055 aliquam
473 2969 709 3058 dispositionem
732 2970 836 3036 latere
852 2971 945 3056 potnit
957 2968 997 3034 ad
1009 2967 1152 3036 ultimant

225 3055 459 3141 perlectionemr
490 3079 507 3124 a
541 3079 627 3125 serra
661 3061 756 3137 enirn,
790 3059 964 3127 sooondom
997 3060 1151 3126 rationem

224 3148 367 3232 propriae
391 3147 519 3227 tortose,
541 3163 588 3214 est
610 3149 707 3220 sectio
730 3147 817 3234 ligni,
839 3145 894 3212 sed
919 3144 1152 3214 lomasoamni

223 3248 270 3300 est
292 3235 332 3300 ab
355 3249 433 3316 arte,
453 3257 535 3324 quae
571 3239 665 3303 utitur
690 3243 905 3312 instrumento3
938 3235 1081 3302 similiter
1103 3257 1150 3303 re·
1239 3253 1240 3294 ι

223 3323 335 3390 solutio
364 3338 394 3390 et
424 3329 618 3414 consumptio
653 3331 684 3393 ln
719 3345 848 3414 oorpore
884 3325 1027 3390 animalis
1063 3339 1153 3396 etta

276 3443 316 3516 (ι)
335 3445 377 3500 ιιι
396 3449 590 3502 transcendit...‚
614 3449 709 3523 quod...
728 3449 744 3502 l.
763 3463 786 3502 e.
805 3447 870 3502 adeo
888 3446 1051 3502 transcendit
1069 3446 1152 3501 lacul·
1239 3485 1240 3490 ι

220 3519 304 3568 tatem
323 3516 452 3574 humanm
471 3525 582 3574 naturas
600 3527 631 3574 ut
650 3521 684 3577 td
702 3521 787 3578 llsum
806 3519 890 3576 solum
914 3519 1054 3592 pertineat.
