2478 3972
391 258 445 303 ιιιι.
471 259 509 304 ιιι.
534 259 598 306 cna.
622 261 727 306 ιιιιιιιι.
896 233 899 242 ’
955 241 1020 308 955

102 338 188 414 patet
209 325 291 392 enim
315 327 398 412 quod
422 327 460 392 ad
484 349 645 395 occursum
670 326 798 414 alicujus
822 328 1020 410 delectabilis,

102 429 176 502 puta
199 415 258 480 eibi
290 415 338 480 rel
362 416 510 496 mulieris,
533 431 721 506 temperatus
744 437 805 482 non
830 433 969 484 moretur
982 420 1020 486 ad

101 504 282 588 eligendum
304 505 416 591 ipsum,
439 505 659 594 intemperatus
682 521 785 572 autem
809 519 958 571 movetur.
976 509 1021 573 Si·

100 593 217 657 militer
239 592 332 658 etiam
355 615 418 660 ιιοιι
442 594 554 660 suflicit
585 596 623 660 ad
664 611 800 661 nostram
839 595 1021 661 electionem

99 701 319 767 quaecumque
342 682 515 749 immutatio
539 685 634 771 possit
656 705 725 750 csse
759 686 789 749 in
813 699 918 748 nostro
957 705 1023 749 cor·

98 789 177 855 pore
193 769 232 834 ab
256 771 457 856 impressione
473 775 610 861 eorporis
635 774 783 851 caelestis,
799 791 871 838 cum
897 792 951 858 per
964 774 1023 838 hoc

98 879 164 923 non
188 873 357 944 sequantur
380 861 410 925 in
434 863 522 928 nobis
546 863 602 927 ni'si
624 863 775 948 quaedam
801 862 958 948 passiones
975 863 1021 926 vel

98 946 201 1032 magis
235 947 283 1012 vel
320 949 421 1015 minus
460 952 681 1025 vehementes;
716 951 874 1038 passiones
908 962 1022 1028 autem,

98 1049 390 1122 quantumcumque
413 1039 623 1114 uehementes,
639 1059 701 1104 non
724 1054 795 1106 surrt
817 1057 908 1110 causa
930 1038 1023 1118 ‚sulti-

98 1127 187 1189 eiens
211 1124 473 1213 electionisque
499 1149 553 1215 per
576 1128 700 1194 easdem
736 1128 893 1215 passiones
916 1128 1022 1191 incon·

98 1213 202 1278 tineus
227 1213 379 1279 inducitur
401 1215 440 1280 ad
463 1237 516 1282 eas
539 1217 731 1303 sequendum
750 1237 804 1304 per
827 1216 1022 1294 electionem,

75 1305 265 1367 »continens
289 1317 391 1368 autem
416 1325 477 1370 non
501 1304 665 1370 inducitur.
700 1305 768 1370 Non
792 1317 891 1392 potest
930 1304 1023 1388 igitur

98 1390 163 1455 dici
187 1390 271 1475 quod
294 1411 423 1478 corpora
446 1393 588 1459 caelestia
611 1395 671 1460 sint
710 1413 821 1460 causae
844 1406 1020 1459 nostrarum

96 1479 298 1546 electionum.
998 1513 1000 1518 ·

166 1567 316 1654 Amplius,
339 1568 427 1634 Nulla
451 1567 547 1636 virtus
571 1570 661 1636 datur
690 1570 781 1635 alicui
816 1568 860 1633 rei
898 1567 1021 1634 frustra.

96 1655 203 1722 Homo
225 1671 329 1722 autem
354 1659 447 1723 habet
470 1660 612 1724 virtutem
625 1658 784 1746 iudicandi
799 1671 829 1722 ει
841 1657 1020 1722 consiliandi

96 1745 137 1810 de
163 1746 312 1812 omuibus
336 1766 415 1832 quae
438 1749 619 1836 peripsum
643 1746 813 1835 operabilia
851 1759 933 1825 sunt,
956 1748 1020 1812 sive

97 1835 128 1897 in
147 1855 207 1899 usu
232 1835 419 1900 exteriorum
443 1855 560 1917 rerum,
598 1837 662 1902 sive
701 1839 731 1902 in
767 1835 958 1900 admittendo
991 1851 1021 1902 et

98 1922 280 2010 repellendo
293 1925 474 1991 intrinsecas
488 1927 658 2013 passionem
674 1924 758 2012 quod
771 1923 896 2010 quidem
910 1923 1020 1989 frustra

97 2026 191 2091 esset,
213 2013 238 2077 si
262 2012 371 2078 electio
395 2028 499 2080 nostra
522 2029 700 2080 causaretur
722 2013 936 2099 ecorporibus
951 2033 1020 2078 eae·

97 2099 238 2180 latibus,
261 2121 324 2165 ιιοιι
365 2103 498 2168 existens
521 2103 552 2168 in
576 2118 679 2169 nostra
710 2115 868 2190 potestate.
893 2101 959 2166 Nun
976 2116 1021 2166 εει

99 2190 197 2274 igitur
219 2190 364 2276 possibile
388 2191 471 2276 quod
495 2211 625 2279 corpora
649 2192 790 2257 caelestia
828 2190 888 2254 sint
911 2209 1020 2255 causac

98 2293 225 2344 nostrae
249 2278 418 2344 electionis.

166 2366 338 2446 Praeterea,
363 2368 464 2433 Homo
488 2367 668 2433 naturaliter
690 2380 736 2432 est
770 2366 884 2432 animal
920 2367 1020 2453 politi-

97 2475 172 2520 cum
197 2456 244 2521 rel
267 2458 390 2532 sociale,
414 2457 625 2544 quodquidem
652 2477 689 2522 ειι
714 2457 773 2522 hoc
796 2470 922 2542 apparet
937 2457 1019 2542 quod

98 2563 181 2610 unus
206 2545 300 2609 lromo
324 2565 385 2610 non
409 2545 522 2611 sallrcit
545 2545 614 2624 sibi,
653 2547 678 2610 si
701 2545 785 2612 solus
824 2547 913 2620 rivat3
951 2565 1022 2630 pro·

98 2649 205 2718 pterea
227 2633 310 2718 quod
334 2649 441 2699 natura
465 2636 495 2698 iu
520 2635 625 2721 paucis
647 2634 766 2700 homini
802 2632 934 2720 providit
957 2633 1020 2697 sul-

98 2723 240 2787 lieienter
262 2722 339 2786 dans
362 2723 390 2787 ei
430 2723 581 2788 rationem
618 2743 673 2810 ρει
702 2743 795 2808 quam
834 2723 930 2807 possit
962 2723 1018 2787 sibi

100 2811 273 2876 necessaria
297 2813 335 2875 ad
359 2812 453 2876 vitam
476 2827 671 2898 praeparare,
708 2813 787 2876 sicut
821 2811 936 2889 eibum,
975 2810 1021 2873 in-

100 2900 250 2964 dumenta
275 2915 304 2965 et
327 2899 384 2964 alia
409 2897 597 2984 hujusmodi,
620 2899 659 2964 ad
683 2919 764 2985 quae
803 2899 906 2963 omnia
946 2919 1020 2985 ope·

100 2989 198 3052 rande
222 3007 285 3052 non
308 2987 422 3054 sullicit
444 3009 525 3053 uirus
548 2989 655 3067 honum
680 2987 762 3052 unde
778 2987 957 3052 naturaliter
974 2989 1018 3051 in·
1123 3003 1125 3008 ·

101 3077 200 3141 ditum
224 3093 270 3140 est
293 3078 409 3142 homini
434 3091 467 3142 ιιι
490 3078 521 3142 in
554 3077 698 3140 societate
735 3077 823 3141 vivat.
858 3076 918 3139 Sed
943 3078 1019 3140 ordo

101 3165 310 3250 providentiae
334 3185 396 3230 non
420 3165 519 3232 aufert
540 3165 632 3230 alicui
656 3167 700 3230 rei
723 3163 806 3251 quod
822 3178 868 3230 est
890 3163 947 3228 sibi
965 3185 1018 3229 na-

101 3254 211 3333 turale,
233 3255 289 3320 sed
312 3257 408 3340 magis
433 3255 603 3340 unicuique
636 3255 814 3341 providetur
847 3253 1017 3318 secundum

101 3363 189 3408 suam
214 3358 367 3419 naturam,
392 3357 424 3410 ut
447 3363 484 3408 ex
507 3344 595 3408 dietis
620 3357 712 3430 patet.
746 3343 813 3408 Non
849 3343 941 3428 igitur
964 3363 1019 3429 per

102 3431 242 3498 ordinem
266 3432 475 3518 prouidentiae
510 3434 552 3497 sic
575 3446 620 3498 est
657 3433 752 3499 homo
791 3433 947 3498 ordinatus
987 3445 1019 3496 ιιι

103 3523 159 3586 rita
181 3523 304 3590 socialis
328 3521 459 3590 tollatur.
483 3519 657 3592 Tolleretttr
673 3537 789 3604 autem,
804 3523 829 3589 si
852 3521 1017 3590 electiones
