2462 3968
382 282 439 349 nin.
464 306 504 349 nr.
529 305 592 350 cnr.
616 305 686 351 xuu.
941 291 1006 353 277

80 391 182 442 tamen
195 386 399 460 quaereretur
409 394 516 462 quare,
524 374 724 462 responderet
737 393 770 438 se
783 377 914 454 nescire3
925 379 1010 444 unde

81 466 205 552 quando
231 465 389 552 perveniet
412 465 442 528 in
467 462 559 528 linem
585 465 690 528 utilem
714 484 807 548 quem
832 487 893 530 non
918 489 1006 553 prae·

16 613 23 626 ,
81 555 295 630 consideravit,
317 555 376 619 erit
398 552 455 618 sibi
480 551 648 618 fortuitum.
665 589 709 600 --
724 553 919 640 Quandoque
936 576 1008 621 vero

83 665 134 726 per
157 645 418 709 illuminationem
457 641 563 725 Angeli
601 643 760 708 instruitur
798 644 890 708 etium
925 645 1009 730 quod

82 736 139 798 lroe
162 734 202 798 sit
227 733 344 798 bonum
369 745 399 794 et
439 730 477 793 de
515 731 633 795 ratione
668 752 764 817 quare
799 746 845 796 est
881 733 1009 808 bonum,

81 843 158 906 quae
194 821 354 910 dependet
376 840 414 884 er
445 819 517 896 line3
541 821 648 898 etsie,
686 819 811 907 quaudo
835 823 1011 908 pervenerit

82 912 118 976 ad
145 911 243 975 finem
269 931 362 996 quem
377 908 669 994 praeconsideravit‚
685 931 746 974 non
771 911 828 975 erit
841 910 1011 976 fortuitum.

68 1081 71 1088 Ι
146 1000 317 1066 Sciendum
341 1013 386 1062 est
409 998 501 1062 etiam
526 998 609 1082 quod
634 999 678 1064 vis
712 1000 808 1064 activa
844 1000 1009 1086 spiritualis

82 1102 221 1164 naturae,
247 1090 324 1154 sicut
348 1101 394 1152 ast
429 1087 518 1152 altior
550 1106 644 1170 quarn
682 1087 860 1171 corporalis,
897 1089 937 1153 ita
962 1101 1007 1153 est

82 1177 296 1254 universalium
320 1177 402 1242 unde
426 1197 488 1239 non
512 1174 551 1239 ad
576 1175 679 1250 omnia
707 1177 746 1240 ad
782 1197 862 1261 quae
897 1198 930 1241 se
954 1197 1008 1241 er·

83 1266 179 1331 tendit
204 1267 342 1332 humana
366 1265 473 1328 electio
496 1285 529 1328 se
553 1265 689 1329 extendit
711 1265 870 1351 dispositio
907 1267 1007 1331 caele·

83 1357 134 1419 stis
159 1357 310 1442 corporis.
337 1355 463 1425 Rursus,
488 1354 581 1418 virtus
614 1355 769 1418 humanae
804 1357 926 1418 animae
959 1355 1006 1419 vel

83 1445 175 1509 etiam
201 1445 308 1530 Angeli
337 1457 383 1508 est
421 1442 610 1528 particularis
635 1443 665 1506 in
702 1445 930 1528 comparatione
968 1444 1007 1508 ad

85 1533 228 1598 virtutem
265 1533 411 1610 divinam,
446 1551 525 1617 quae
561 1545 606 1595 est
641 1533 821 1596 universalis
867 1547 1009 1618 respectu

85 1623 225 1687 omnium
251 1623 379 1687 entium.
397 1620 447 1685 Sic
463 1641 537 1705 ergo
562 1620 689 1705 aliquod
715 1620 831 1686 bouum
870 1621 1011 1687 accidere

86 1724 184 1791 potest
209 1711 339 1787 homini,
363 1726 393 1773 ct
417 1723 538 1795 praeter
562 1709 719 1795 propriam
750 1710 965 1790 intentionem,
981 1725 1012 1775 et

86 1813 207 1882 praeter
231 1799 460 1865 inclinationem
484 1798 661 1862 caelestium
685 1819 862 1884 corporum,
877 1813 906 1864 et
923 1820 1012 1885 prae-

88 1902 134 1952 ter
156 1888 345 1974 Angelorum
371 1887 640 1966 illuminationem,
664 1908 725 1952 non
765 1901 867 1971 autem
891 1901 1013 1974 praeter

90 1975 225 2042 diuinam
251 1976 486 2064 providentiam,
513 1990 661 2061 quaeest
702 1976 913 2059 guberuativa,
938 1979 1015 2044 sicut

88 2078 117 2129 et
140 2065 250 2133 lactina
275 2067 353 2131 cutis
375 2067 559 2150 inquantum
583 2079 629 2129 est
666 2084 732 2134 ens:
772 2066 855 2130 unde
894 2080 1015 2150 oportet

90 2154 171 2236 quod
196 2157 301 2221 omnia
340 2155 398 2219 sub
422 2174 455 2218 se
490 2153 656 2220 contineat.
694 2154 746 2219 Sic
783 2175 858 2238 ergo
897 2155 1014 2242 aliquid

91 2240 250 2310 fortuitum
276 2245 391 2309 bunum
416 2243 463 2306 vel
489 2242 605 2306 malum
631 2256 729 2329 potest
752 2245 932 2328 contingere
957 2243 1012 2309 ho·

92 2332 177 2408 mini,
201 2349 232 2399 et
255 2355 310 2419 per
333 2332 595 2417 comparutionem
620 2330 658 2395 ad
683 2333 795 2418 ipsum,
818 2346 847 2396 et
862 2353 916 2418 per
928 2352 1012 2397 cum·

90 2423 281 2502 parationem
306 2422 343 2485 ad
369 2421 508 2486 caelestia
533 2440 674 2505 corpora,
709 2435 739 2486 et
764 2442 818 2506 per
851 2442 1012 2507 compara-

91 2509 206 2575 tionem
230 2511 268 2575 ad
292 2509 434 2594 Angelos,
457 2529 519 2574 non
543 2523 645 2572 autem
671 2530 725 2595 per
747 2511 1011 2596 comparationem

92 2597 129 2660 ad
153 2600 268 2677 Deum,
290 2619 361 2663 nam
385 2619 441 2684 per
463 2598 724 2684 comparationem
748 2599 787 2663 ad
810 2599 924 2685 Ipsum,
947 2619 1011 2664 non

92 2686 192 2753 'solum
216 2691 246 2774 ip
270 2689 363 2753 rebus
387 2688 540 2764 humanu,
563 2686 618 2750 sed
643 2687 755 2752 necin
786 2688 929 2773 qualibet
952 2688 1010 2754 alia

92 2793 135 2854 re,
158 2791 259 2863 potest
282 2797 348 2840 esse
364 2775 480 2860 aliquid
504 2775 626 2840 causale
649 2789 679 2840 et
695 2775 907 2861 improvisum.
933 2777 1012 2859 Quia

93 2866 304 2932 verofortuita
327 2879 397 2930 sunt
432 2883 511 2949 quae
549 2877 620 2928 sunt
654 2877 776 2950 praeter
811 2865 1014 2932 intentionem

96 2951 206 3036 (bona
230 2967 333 3020 autem
351 2953 478 3018 moralia
507 2967 627 3039 practer
642 2953 845 3018 intentionem
862 2974 929 3019 esse
952 2975 1016 3019 non

96 3057 234 3124 possunt,
256 3064 326 3109 cum
351 3044 380 3107 in
405 3042 555 3107 electione
578 3041 745 3106 consistant
760 3045 783 3123 )‚
807 3057 947 3126 respectu
963 3065 1017 3107 eo-

98 3149 165 3196 rum
183 3155 244 3197 nou
263 3146 360 3218 potest
377 3131 437 3196 diei
461 3130 570 3215 aliquis
583 3131 662 3196 bene
676 3129 723 3193 vel
741 3129 820 3194 male
836 3130 1019 3200 fortunatus,

97 3215 165 3284 licet
188 3235 327 3307 respectu
352 3241 460 3284 eorum
484 3221 579 3306 possit
612 3219 722 3304 aliquis
761 3219 819 3283 dici
854 3219 933 3283 bene
973 3219 1018 3284 rel

99 3309 178 3374 male
202 3324 301 3388 natus,
325 3309 449 3396 quando
485 3329 521 3372 ex
547 3308 681 3374 naturali
719 3306 917 3395 dispositione
953 3329 1019 3373 cor·

100 3399 181 3476 poris
204 3413 249 3464 est
272 3413 360 3485 aptus
385 3397 422 3462 ad
446 3397 611 3462 electiones
628 3397 776 3462 virtutum
793 3397 840 3462 vel
866 3396 1020 3463 vitiorum.

102 3482 250 3574 Respectu
266 3502 376 3554 'autem
399 3488 585 3552 exteriorum
610 3487 775 3561 bonorum,
800 3507 880 3572 quae
897 3500 1020 3572 practer

101 3569 299 3643 intentionem
332 3576 449 3644 homini
483 3577 608 3642 evenire
646 3588 785 3665 possunt,
819 3587 919 3664 potest
957 3576 1020 3644 dici
