2452 3970
381 273 436 318 tta.
460 275 500 319 tu.
525 273 588 320 eto.
611 273 678 318 rev.
930 253 991 319 lto

139 341 228 426 Quod
264 355 367 410 autem
392 341 450 409 boo
473 343 510 408 sit
533 342 689 430 possibile,
712 341 990 408 nititurostendere

76 431 259 499 Themistius
284 431 335 518 (l)
352 449 405 517 per
428 432 530 497 lotum
553 454 569 497 a
594 432 704 497 minori
718 432 777 516 (ᾖ).
797 431 991 497 Substantias

75 521 153 586 enim
176 535 334 608 separatae
357 534 427 585 sum
451 523 547 606 magis
580 519 786 606 intelligibiles
808 539 902 606 quom
925 541 991 585 ma·

75 610 199 686 terialia3
212 611 288 676 baec
310 611 393 675 enim
407 623 478 675 suut
493 609 691 695 intelligibilia
720 610 902 696 inquantum
922 623 993 674 sunt

72 697 147 764 laeta
172 700 324 765 intellecta
347 698 378 763 in
395 711 464 763 aeto
487 719 542 786 per
565 700 753 764 intellectum
772 710 924 783 agentem:
942 698 992 762 illa

72 806 144 852 vero
166 803 239 853 sunt
276 786 447 854 seeundum
479 787 579 874 seipsa
612 787 824 872 intelligibilia.
862 786 894 851 Si
917 806 992 872 ergo

71 875 244 942 intellectus
282 888 387 942 noster
424 877 658 963 comprehendit
695 877 774 941 baec*
813 875 993 947 materialia,

72 964 290 1051 multomagis
324 977 481 1031 natusest
518 965 688 1052 intelligere
720 965 786 1030 illas
809 965 993 1030 substantias

72 1069 238 1139 separatas.

138 1142 220 1208 llaec
244 1155 346 1208 antem
370 1144 458 1220 ratio,
480 1143 651 1208 seeundum
676 1142 811 1208 diversas
834 1142 994 1228 opiniones

73 1228 109 1294 de
140 1231 299 1296 intellectu
333 1231 480 1318 possibili,
512 1232 718 1298 diversimode
748 1231 914 1317 judicanda
938 1247 993 1296 est.

137 1319 169 1383 Si
195 1322 278 1385 euim
316 1320 486 1386 intellectus
521 1322 674 1407 possibilis
713 1323 834 1386 nonsit
858 1320 993 1384 virtnsa

74 1409 203 1474 materia
226 1408 404 1495 dependens
428 1423 458 1473 et
481 1411 520 1475 sit
543 1412 654 1474 iterum
678 1408 849 1474 seeundum
884 1427 951 1474 esse
975 1429 991 1470 a

73 1514 204 1580 corpore
219 1511 388 1584 separatus,
405 1509 437 1562 ut
452 1499 624 1564 Averrboes
637 1499 733 1584 ponit,
749 1510 895 1583 sequetur
909 1495 993 1582 quod

75 1584 194 1650 nullum
216 1590 424 1652 neeessariam
437 1587 578 1652 ordinem
604 1588 642 1652 ad
666 1607 715 1652 res
744 1585 916 1651 materiales
940 1587 995 1649 ba·

74 1672 153 1752 beat3
178 1676 262 1740 unde
286 1695 364 1761 quae
387 1689 458 1740 sunt
480 1677 577 1760 magis
601 1676 803 1761 intelligibilia
828 1675 858 1738 in
889 1675 996 1758 seipsis

79 1778 167 1829 erunt
193 1766 220 1828 ei
244 1766 341 1849 magis
357 1765 570 1848 intelligibilia.
594 1764 655 1830 Sed
680 1779 751 1830 tone
774 1764 861 1850 sequi
877 1763 997 1828 videtur

77 1853 169 1934 quod,
195 1873 290 1939 quum
314 1873 377 1920 non
401 1874 417 1917 a
442 1855 590 1940 principio
606 1874 662 1940 per
687 1853 874 1918 intellectum
899 1854 996 1938 possi-

76 1936 169 2006 bilem
195 1941 439 2026 intelligamus‚a
465 1943 614 2028 principio
638 1943 843 2027 intelligamus
856 1941 995 2007 substan-

78 2028 131 2093 tias
164 2045 341 2118 separatas;
378 2029 462 2116 quod
487 2046 571 2116 patet
590 2051 657 2096 esse
686 2032 806 2096 falsum.
845 2030 906 2093 Sed
937 2031 996 2094 lroo

76 2114 295 2184 inconveniens
317 2119 431 2185 evitare
454 2121 624 2185 Averrlroes
647 2122 754 2185 nititur
768 2117 940 2184 seeundum
959 2137 995 2181 ea

76 2223 153 2289 quae
177 2207 225 2273 de·
240 2207 306 2292 ejus
338 2207 517 2294 opinionem
541 2209 620 2275 dieta
646 2223 728 2288 sunt,
745 2228 824 2294 quae
844 2219 926 2294 patet
950 2227 999 2270 es-

76 2295 478 2382 memmmm

141 2386 174 2451 Si
199 2400 300 2450 autem
324 2385 497 2451 intellectus
513 2387 669 2471 possibilis
690 2405 753 2450 non
770 2398 816 2449 est
832 2405 849 2449 a
865 2404 995 2469 corpore

49 2488 232 2561 ,separatus
247 2475 418 2539 seeundum
442 2493 520 2553 esse,
543 2495 580 2540 ex
604 2477 662 2540 boo
679 2476 745 2561 ipso
769 2472 851 2559 quod
876 2485 921 2537 est
946 2473 998 2536 tali

77 2563 196 2648 corpori
221 2563 323 2628 unitus
345 2562 516 2629 seeundum
530 2584 607 2641 esse,
637 2564 730 2628 habet
753 2561 920 2649 quemdam
945 2581 999 2624 ne-

77 2653 242 2716 cessarium
265 2651 404 2716 ordinem
429 2651 467 2716 ad
485 2653 662 2726 materialia,
681 2667 712 2716 ut
728 2651 849 2716 nonnisi
864 2670 918 2736 per
941 2649 997 2713 ista

78 2737 114 2802 ad
136 2741 267 2805 aliorum
288 2741 495 2825 cognitionem
523 2743 683 2827 pervenire
706 2743 809 2826 possin
833 2739 915 2803 unde
934 2757 997 2800 non
1088 2819 1095 2825 ⁵

78 2831 222 2914 sequitur,
244 2831 268 2894 si
291 2831 478 2895 substantiae
501 2843 659 2916 separatae
682 2831 713 2894 in
726 2828 832 2913 seipsis
848 2828 908 2890 siut
931 2846 997 2889 rno-

78 2914 122 2996 gis
145 2917 361 3003 intelligibiles,
400 2917 483 3004 quod
527 2931 652 3006 propter
676 2919 735 2982 hoo
757 2917 817 2980 sint
841 2913 938 2998 magis
954 2915 998 2977 in·

78 3003 248 3090 telligibiles
282 3003 448 3071 intellectui
474 3021 599 3075 nostro.
637 3007 672 3070 Et
694 3007 754 3070 boo
787 3003 1000 3068 demonstrant

80 3094 170 3158 rerba
209 3095 386 3169 Aristotelis;
409 3094 482 3159 dicit
504 3096 587 3168 enim
622 3093 831 3179 (Metaphys.,
868 3090 899 3167 Ξ),
929 3104 999 3154 text.

79 3197 191 3248 eomm.
217 3185 262 3267 l)
300 3184 384 3268 quod
420 3184 589 3268 dilfiettlmt
622 3182 816 3267 intelligendi
849 3200 899 3244 res
925 3181 999 3244 illas

80 3271 349 3350 nundinandis,
373 3291 432 3336 non
456 3293 493 3337 ert
515 3274 594 3348 llttn
613 3293 687 3336 nam
702 3272 874 3336 intellectus
895 3280 1000 3335 noster·

82 3375 111 3420 ae
132 3357 223 3425 babel
257 3363 301 3426 od
323 3359 576 3445 manifestissima
599 3380 714 3440 terunt,
736 3362 815 3426 sicul
843 3380 875 3424 oe
909 3357 1002 3424 ltolrel

132 3479 230 3548 (illle
248 3482 355 3546 Animo,
375 3483 392 3536 l.
412 3481 437 3550 5,
457 3482 541 3537 0150.

132 3549 170 3625 ll)
189 3553 238 3605 Por
256 3553 338 3607 laeum
356 3570 372 3608 a
390 3557 493 3623 minori,
513 3557 529 3607 i.
547 3571 569 3610 e.
588 3572 636 3626 per
654 3559 836 3627 argumentum
867 3554 997 3608 amiuori.
