2450 3966
237 262 283 328 8t
540 282 861 329 munumentum
938 285 940 290 ·

238 363 285 418 εει
306 349 480 418 felicitatem
504 351 672 418 humanam
696 353 863 421 consistere
886 349 917 415 in
941 347 1171 416 delectationi-

239 451 297 507 bus
318 441 539 527 corporalibus,
563 462 694 527 quarum
718 442 902 534 praecipuae
925 439 1050 506 suntin
1076 439 1169 507 cibis

238 542 270 595 ει
292 531 443 595 venereis.

302 616 468 684 Ostensum
490 619 642 684 est‘enim
671 616 721 699 (c.
757 617 828 703 ⁶26)
850 616 947 705 quod,
978 615 1167 682 secundum

235 721 363 773 naturae
385 707 526 772 ordinem
550 707 711 774 delectatio
734 722 780 776 εει
797 720 922 795 ριοριει
938 707 1167 794 operationem

235 808 266 860 et
287 817 349 861 non
373 815 390 860 e
413 816 570 861 conuerso.
595 797 626 862 st
643 799 735 882 igitur
747 801 942 884 operationes
959 813 1022 859 non
1034 793 1165 859 fuerint

234 884 360 950 ultimus
383 883 462 961 finis,
485 884 702 951 delectationes
724 900 948 970 consequentes
971 903 1023 948 eas
1047 902 1164 968 neqtre

235 986 307 1038 sunt
328 973 453 1038 ultimus
487 973 556 1040 finis
590 995 691 1062 neque
725 974 967 1040 concomitantes
1003 970 1163 1037 ultimum

234 1061 340 1126 finem.
364 1060 488 1126 Constat
511 1077 612 1128 autem
637 1063 720 1150 quod
754 1064 950 1149 operationes
974 1079 1050 1146 quas
1074 1080 1162 1124 con-

236 1164 406 1234 sequuntur
427 1151 602 1236 praedictae
623 1152 841 1218 delectationes
858 1171 920 1215 non
935 1162 1006 1214 sunt
1022 1147 1163 1216 ultimus

236 1237 318 1315 finis;
340 1238 521 1304 ordinantur
543 1255 646 1306 autem
662 1241 701 1305 ad
724 1241 842 1327 aliquos
858 1239 935 1304 fines
958 1236 1163 1313 manifestos

236 1328 315 1392 sieut
337 1329 485 1394 comestio
497 1329 535 1393 ad
563 1331 826 1394 conservationem
865 1327 1015 1413 corporis,
1052 1328 1164 1392 coitus

235 1430 337 1481 autern
362 1419 400 1480 ad
424 1418 653 1502 generationem
678 1419 783 1504 prolis.
807 1415 1033 1482 Delectationes
1057 1415 1162 1499 igitur

234 1506 421 1590 praemissae
443 1527 505 1571 non
528 1520 599 1572 sunt
622 1507 747 1572 ultimus
771 1507 840 1571 finis
871 1523 972 1590 neque
1003 1502 1159 1569 ultimum

232 1593 327 1659 finem
351 1597 603 1662 concomitantes.
620 1596 687 1660 Non
712 1607 757 1660 est
779 1595 870 1680 igitur
894 1594 925 1657 in
941 1592 1158 1678 bisponende

233 1682 373 1747 felicitas.

297 1771 415 1850 Adbuc,
438 1771 585 1836 Voluntas
608 1786 654 1837 εει
687 1771 829 1859 superior
861 1789 957 1860 quam
994 1769 1158 1856 appetitus

229 1860 404 1939 sensitivus3
417 1872 520 1925 movet
531 1862 614 1926 enim
627 1861 738 1948 ipsum,
753 1863 830 1926 sicut
846 1858 987 1950 superius
1005 1858 1016 1937 l
1034 1879 1061 1924 c.
1078 1859 1156 1941 25)

230 1947 346 2012 dictum
370 1963 428 2013 est.
452 1948 485 2012 ln
509 1962 577 2014 actu
601 1965 703 2015 autern
727 1951 892 2015 voluntatis
923 1967 985 2012 non
1009 1949 1157 2012 consistit

229 2036 368 2115 felicitas,
390 2038 468 2102 sieut
486 2035 551 2122 jam
575 2059 667 2124 supra
690 2040 747 2126 (c.
786 2039 854 2124 26)
892 2049 1053 2102 ostensum
1093 2053 1157 2102 εει.

231 2125 327 2190 llulto
349 2126 441 2210 igitur
474 2127 576 2191 minus
614 2130 645 2191 in
683 2126 936 2192 delectationibus
973 2123 1159 2211 praedictis,

232 2233 312 2300 quae
335 2227 406 2280 sunt
428 2215 459 2279 in
484 2217 620 2300 appetitu
635 2219 792 2282 sensitiva.

299 2303 447 2390 Amplius,
470 2303 609 2369 Felicitas
632 2320 678 2370 εει
699 2305 856 2392 quoddam
880 2303 996 2369 bonurn
1014 2301 1159 2369 bominis

233 2393 404 2477 propriom3
427 2413 489 2456 non
512 2393 595 2458 enim
619 2393 708 2459 bruta
733 2406 860 2481 possunt
883 2393 942 2457 dici
965 2390 1065 2456 felicia
1088 2395 1154 2458 nisi

231 2479 368 2546 abusive.
391 2481 616 2548 Delectationes
639 2497 742 2548 autem
767 2482 953 2570 praemissae
976 2493 1048 2546 sunt
1063 2499 1157 2546 com-

231 2585 341 2634 munes
358 2570 535 2636 hominibus
557 2587 587 2637 et
611 2573 717 2638 brutis.
740 2572 808 2637 Non
831 2585 878 2636 ost
911 2571 1002 2656 igitur
1037 2568 1069 2632 in
1106 2577 1156 2635 eis

230 2658 374 2744 ponenda
391 2659 525 2725 felicitas.

297 2747 384 2828 ltenr,
401 2748 530 2813 Ultimus
554 2748 621 2814 finis
638 2748 926 2836 estnobilissimum
940 2765 1049 2812 eorum
1066 2766 1156 2832 quae

230 2834 357 2924 adrem
398 2839 560 2924 pertinent;
596 2838 689 2902 babet
722 2838 806 2902 enim
842 2839 993 2902 rationem
1028 2838 1154 2921 optimi.

230 2925 294 2990 llae
317 2939 420 2992 autem
445 2924 661 2991 delectationes
700 2945 762 2992 non
804 2925 993 2992 conveniunt
1028 2922 1154 2992 bomini

231 3016 403 3080 seeundum
426 3015 457 3102 id
481 3015 563 3100 quod
587 3028 633 3078 est
657 3014 885 3080 nobilissimum
908 3014 940 3077 in
963 3015 1040 3100 ipso,
1064 3019 1154 3100 quod

229 3117 275 3168 εει
299 3105 480 3181 intellectus,
495 3105 549 3169 sed
572 3103 743 3170 secundum
759 3124 895 3170 sensum.
908 3101 976 3166 Non
991 3116 1039 3166 est
1055 3101 1154 3186 igitur·

229 3194 261 3255 in
286 3194 398 3258 talibus
421 3193 674 3258 delectationibus
698 3193 842 3279 ponenda
866 3191 1002 3257 felicitas.

293 3281 443 3366 Amplius,
471 3281 607 3347 Summa
623 3280 770 3368 perfectio
795 3280 931 3346 bominis
973 3300 1042 3346 esse
1081 3299 1150 3346 non
1203 3307 1204 3351 t

229 3381 328 3454 potest
343 3369 374 3434 in
392 3370 450 3436 hoc
472 3371 555 3458 quod
571 3371 769 3454 conjungitur
785 3370 878 3436 rebus
890 3389 924 3434 se
937 3365 1149 3447 inferioribus,

226 3457 281 3522 sed
298 3479 354 3545 per
377 3459 530 3544 hocquod
553 3458 750 3542 conjungitur
773 3459 862 3524 alicui
880 3459 923 3522 rei
946 3457 1056 3532 altiori;
1074 3456 1148 3524 finis

226 3547 310 3611 eninr
333 3557 379 3611 est
402 3547 511 3611 melior
533 3566 571 3610 eo
595 3548 679 3632 quod
703 3561 749 3612 est
771 3548 809 3612 ad
842 3545 1145 3614 linem.Delectatio-
1202 3619 1203 3634 p

1202 3655 1203 3701 t
