2462 3968
379 264 435 310 ιιιι.
465 265 506 310 ιιι.
535 263 598 310 aar.
627 263 703 308 ιιιιι.
930 242 994 310 ios

83 332 167 418 sequi
191 331 315 400 videtur
337 333 422 420 quod
444 333 528 400 solus
550 333 634 398 Deus
656 347 718 398 tam
735 329 849 396 formas
860 331 1003 399 substan·

85 423 169 488 tiales
193 443 291 510 quarn
314 423 517 490 accidentales
540 422 571 487 in
596 436 703 486 natura
734 421 891 507 producat.

146 511 226 578 Huic
250 524 355 578 autem
379 511 522 599 positioni
546 511 656 597 partim
680 511 772 576 etiam
795 509 1002 597 quorumdam

84 599 342 688 pbilosophorum
366 601 470 688 opinio
492 599 700 666 concordavit.

145 689 229 772 Quia
254 689 337 755 enim
362 710 455 755 omne
478 689 561 775 quod
585 708 696 774 perse
719 709 781 754 non
808 698 854 752 est
892 686 931 753 ab
964 707 1002 752 eo

81 777 162 862 quod
186 793 235 844 est
259 798 314 865 per
336 800 369 844 se
392 778 564 844 derivatum
588 777 753 856 invenitur,
775 775 896 842 videtur
918 775 1002 863 quod

80 865 197 932 formae
222 887 433 954 rerumquae
472 888 534 934 non
572 880 643 932 sunt
666 887 720 952 per
757 886 791 931 se
826 865 1001 944 existentes,

80 955 186 1020 sedin
212 957 342 1022 materia
367 958 547 1043 proveniant
570 975 608 1020 ex
630 953 737 1020 lormis
770 973 850 1041 quae
888 974 999 1040 perse

80 1043 143 1109 siue
167 1045 300 1111 materia
322 1059 404 1124 sunt;
426 1046 513 1132 quasi
529 1044 647 1111 formae
670 1043 702 1108 iu
725 1043 852 1108 materia
867 1044 1002 1109 existen·

82 1145 124 1198 tes
146 1134 209 1199 sint
232 1133 386 1220 quaedam
411 1135 660 1222 participationes
685 1132 806 1198 illarum
830 1131 1002 1198 formarum

81 1241 159 1306 quae
181 1224 252 1288 sine
276 1225 402 1288 materia
425 1235 506 1289 sunt.
530 1223 564 1287 lit
588 1234 714 1307 propter
747 1222 806 1286 boc
829 1221 915 1286 Plato
950 1222 1001 1304 (ll
1081 1239 1083 1246 ’

82 1311 181 1394 posuit
203 1312 324 1398 species
347 1332 450 1378 rerum
474 1311 665 1376 sensibilium
689 1329 757 1374 esse
772 1310 922 1395 qrrasdam
939 1309 1005 1376 lor-

82 1419 145 1464 mas
168 1414 339 1487 separatas,
360 1421 441 1486 quae
464 1415 536 1466 sunt
558 1419 670 1466 causae
704 1398 826 1463 essendi
850 1399 897 1464 bis
931 1417 1003 1468 sen·

82 1487 221 1554 sibilibus
245 1488 416 1555 secundom
439 1488 524 1574 quod
547 1508 599 1554 eas
635 1488 826 1573 participant.
849 1488 1003 1552 Asicenna

82 1595 156 1642 vero
176 1579 282 1664 posuit
304 1599 413 1644 ornnes
436 1577 552 1642 lormas
575 1576 793 1642 substantiales
830 1575 870 1642 ab
892 1575 1004 1641 intelli·

80 1667 180 1746 gemla
205 1683 318 1752 agente
341 1666 483 1746 eiiluere;
506 1665 710 1731 accidentales
744 1678 848 1730 autem
887 1663 1003 1730 formas

81 1772 147 1818 esse
170 1757 308 1841 ponebat
339 1757 485 1822 materiae
523 1755 749 1842 dispositiones,
783 1773 862 1838 quae
896 1773 932 1818 es
968 1774 1001 1818 a·

82 1840 179 1908 ctione
203 1845 388 1910 inferiorum
412 1845 569 1930 agentium
594 1845 753 1908 materiam
770 1841 1001 1928 disponentium

82 1933 315 2011 proveniebant;
336 1934 367 1998 in
390 1953 453 2020 quo
476 1953 493 1998 a
518 1934 622 2019 priore
655 1931 780 1996 stultitia
815 1931 999 1998 declinabat.

83 2016 176 2118 liujus
200 2035 306 2088 autem
336 2023 459 2107 signum
493 2041 561 2087 esse
599 2021 760 2086 videbatur
797 2020 880 2106 quod
915 2019 1000 2086 nulla

83 2121 175 2174 ustus
199 2112 299 2178 activa
322 2111 476 2176 iuvenitur
498 2130 565 2176 esse
589 2109 620 2173 in
641 2111 707 2175 istis
736 2108 917 2194 corporibus
941 2112 1001 2174 nisi
1107 2175 1109 2179 ,
1143 2113 1145 2118 ’

83 2197 278 2266 accidentalis
301 2198 411 2278 forma,
434 2200 513 2265 sicut
535 2199 695 2284 qualitates
729 2198 846 2262 activae
869 2211 899 2262 et
933 2217 1002 2284 pos·

84 2283 173 2366 sivae,
196 2309 278 2376 quae
300 2308 363 2354 non
387 2288 529 2354 ridentur
551 2307 621 2352 esse
644 2286 685 2351 ad
723 2287 782 2352 boc
813 2284 1002 2352 sullicientes

84 2375 164 2456 quod
186 2377 403 2444 substantiales
432 2376 552 2442 formas
585 2394 713 2440 causare
749 2376 876 2462 possint.
915 2376 1003 2440 inve·

84 2460 208 2532 uiuntur
231 2467 324 2531 etiam
350 2467 504 2552 quaedam
531 2467 563 2530 in
589 2465 671 2530 istis·
687 2462 888 2532 interioribus
921 2483 1002 2551 quae

85 2569 144 2616 non
166 2569 356 2640 generantur
378 2575 417 2620 es
438 2554 601 2630 similibus,
623 2555 703 2619 sicut
725 2553 869 2618 animalia
886 2572 923 2618 cx
946 2574 1002 2639 pu-

84 2638 262 2710 trefactione
299 2657 456 2728 generata,
496 2643 579 2708 unde
615 2643 735 2707 videtur
768 2641 853 2727 quod
888 2643 1001 2706 borum

85 2722 200 2797 formae
223 2752 262 2797 ex
283 2733 445 2798 altioribus
465 2732 648 2818 proveniant
680 2731 846 2818 principiis,
879 2743 910 2795 et
933 2731 999 2815 pari

85 2819 202 2887 ratione
224 2821 304 2888 aliae
327 2821 445 2888 lormae
468 2838 601 2908 quarum
624 2817 776 2906 quaedam
807 2833 880 2884 sunt
901 2817 1000 2884 multo

86 2905 259 2976 nobiliores.

149 2997 283 3080 Quidam
308 3018 391 3078 vero,
414 2997 454 3064 ad
489 2998 559 3074 boc,
581 3006 803 3080 argumentum
840 3006 1001 3060 assumunt

87 3087 327 3154 exnaturalius]
351 3106 517 3173 corporum
542 3083 753 3150 imbecillitate
773 3082 811 3148 ad
835 3083 1002 3167 agendmm

87 3189 155 3240 nam
178 3178 281 3242 omnis
301 3181 439 3264 corporis
461 3174 561 3242 lorma
584 3186 639 3239 est,
654 3171 797 3257 adjuncta
831 3172 1002 3258 quantitati3

89 3266 238 3345 quantitas
259 3279 363 3332 autem
387 3265 516 3351 impedit
552 3275 583 3329 et
619 3261 772 3328 actionem
806 3275 836 3326 et
870 3273 1002 3336 motum;

88 3347 169 3434 eujus
191 3356 314 3442 signum
346 3367 465 3442 ponunt
502 3353 586 3440 quia,
622 3369 772 3438 quantum
810 3347 933 3416 additur
970 3352 1002 3416 in

89 3443 251 3522 quantitate
274 3443 367 3509 alicui
389 3443 523 3529 corpori,
545 3454 629 3507 tanto
664 3437 697 3506 lit
734 3437 940 3528 ponderosius
973 3453 1006 3506 et

137 3543 177 3617 (l)
198 3548 276 3618 Tim,
294 3563 320 3604 r.
337 3544 381 3617 l0;
400 3548 432 3603 da
449 3548 513 3620 ch.
528 3553 555 3602 et
572 3547 645 3602 alibi.
