2514 3972
215 227 281 296 stt
367 281 373 312 ,
517 246 573 292 ctu.
597 247 638 290 ιιι.
663 245 726 291 ιιι.
750 242 817 290 cxx.

212 328 316 406 potest
337 314 370 382 iu
392 315 493 394 nobis,
515 315 573 382 nisi
596 335 651 401 per
686 314 745 380 boc
767 309 852 400 quod
875 311 903 378 ei
938 311 1055 401 aliquid
1091 333 1140 382 se·

214 415 356 494 paratum
379 404 573 478 exhibemus,
588 403 672 489 quod
688 403 818 470 dicimus
845 401 962 468 cultum
985 402 1140 472 diuinum.

213 495 302 562 Petet
325 513 407 596 ergo·
422 493 507 580 quod
540 513 612 559 vcra
634 493 739 580 opinio
763 490 802 557 dc
826 511 889 558 uuo
912 491 1063 579 principio
1087 493 1143 560 de·

214 584 362 662 bilitatur,
383 582 409 648 si
432 582 533 649 cultus
556 581 678 648 diuinus
702 581 841 669 pluribus
864 580 1057 647 exhibeatur.

281 672 456 741 Praeterea.
479 671 566 737 Sicut
589 670 705 736 dictum
730 682 775 736 est
798 689 891 755 supra
908 653 1144 772 (1119111-

212 760 349 848 jcsmcdi
373 759 474 826 cultus
497 760 630 826 exterior
652 758 771 826 bomini
804 757 997 824 necessarius
1032 771 1081 828 est
1103 760 1145 826 ad

216 852 276 918 boc
299 848 383 952 quod
417 849 519 915 anima
556 847 691 916 bominis
725 847 875 914 excitetur
908 847 940 912 in
975 848 1145 936 specialem

216 939 423 1004 reuerentiam
440 938 508 1004 Dei.
520 937 565 1002 Ad
584 938 643 1002 boc
658 951 761 1004 actem
773 935 858 1021 quod
872 936 995 1004 animus
1006 937 1146 1004 bominis
1240 957 1241 1036 ἐ

217 1027 257 1094 ad
282 1026 396 1114 aliquid
420 1041 592 1106 mouentur,
616 1026 749 1094 multum
772 1037 919 1110 operatur
938 1028 1146 1106 consuetudo,

216 1136 291 1182 uem
314 1118 352 1181 ad
387 1131 535 1182 consucta
559 1114 678 1180 lucilius
713 1126 864 1180 movetur.
904 1113 1003 1180 Habet
1036 1130 1145 1184 autern

218 1205 278 1272 boc
303 1206 445 1270 bumana
466 1203 755 1307 consuetudoquod
781 1203 881 1268 bonor
902 1203 955 1290 qui
978 1204 1146 1272 exhibetur

219 1295 247 1360 ei
271 1294 323 1380 qui
347 1314 506 1360 summum
544 1293 688 1360 locum
681 1314 713 1358 tn
748 1291 906 1377 republica
941 1307 1034 1372 tenet,
1069 1307 1146 1382 puta

219 1384 284 1468 regi
308 1382 356 1448 vel
383 1383 572 1468 imperatori,
604 1381 680 1446 nulli
705 1380 756 1446 olii
779 1381 954 1448 exhibetur.
977 1382 1059 1448 Est'
1050 1386 1149 1469 igitur

223 1473 346 1538 enimus
370 1471 505 1537 bominis
529 1469 744 1558 exercitandus
767 1469 805 1536 ud
830 1470 889 1535 boc
904 1471 988 1557 quod
1004 1479 1152 1539 aestimet

221 1580 290 1626 esse
313 1581 410 1626 unum
443 1580 601 1626 summurn
626 1579 729 1626 rerum
765 1559 962 1645 principium,
996 1572 1052 1646 per·
1087 1561 1150 1628 hoc

222 1648 306 1734 quod
329 1649 473 1714 exhibeat
496 1649 523 1713 ei
547 1646 631 1733 quod
655 1647 731 1714 nulli
744 1647 832 1714 lterr
845 1647 1015 1728 exhibetur,
1039 1664 1071 1718 et
1087 1651 1151 1717 hoc
1242 1703 1243 1748 ,

222 1739 353 1806 dicimus
377 1739 485 1806 latriae
508 1737 636 1802 cultum.

291 1827 377 1905 ltern,
402 1826 434 1892 Si
458 1825 559 1892 cultus
582 1825 690 1892 latrice
712 1823 804 1891 alicui
826 1823 992 1892 deberetur
1006 1827 1080 1914 quia
1105 1841 1153 1894 est

223 1917 377 2002 superior,
400 1929 430 1982 et
455 1935 518 1980 uon
538 1917 613 2000 quia
630 1933 783 1992 summus,
799 1933 870 1980 cum
887 1914 1052 1982 bominum
1068 1937 1153 1984 unus

223 2005 285 2072 elio
308 2005 347 2070 sit
382 2005 525 2090 superior
548 2017 578 2068 et
612 2004 704 2070 etiam
735 2003 935 2088 Angelorum,
968 2020 1154 2092 sequeretur

226 2093 311 2180 quod
334 2113 414 2160 unus
438 2093 533 2158 bomo
568 2092 691 2158 exibere
713 2091 835 2158 latriam
858 2092 944 2159 alteri
967 2094 1099 2160 deberet
1122 2109 1154 2161 et

227 2181 514 2268 Angelusbngc103
549 2194 589 2260 et,
624 2202 696 2246 curn
721 2181 772 2246 ille
805 2182 885 2248 inter
918 2182 1063 2250 homines
1097 2185 1153 2274 qui

226 2272 368 2358 superior
390 2283 436 2336 est
459 2282 609 2356 queutum
633 2269 671 2335 ad
689 2289 785 2336 uuum
802 2273 841 2336 sit
856 2269 982 2337 inferior
997 2286 1153 2358 quantum

225 2360 265 2424 ad
287 2359 383 2436 aliud,
406 2357 526 2424 videtur
550 2359 634 2447 quod
657 2371 765 2425 mutuo
788 2360 846 2426 sibi
870 2361 1013 2427 homines
1028 2361 1153 2428 latriam

228 2448 376 2514 exhibere
399 2447 560 2523 deberent;
583 2448 668 2533 quod
691 2460 737 2514 est
759 2448 989 2516 inconveniens.

294 2537 412 2616 Adbuc,
432 2536 610 2602 Secundum
635 2538 795 2602 bominum
819 2538 1077 2605 cousuetudinem
1093 2560 1153 2626 pro

225 2626 354 2714 speciali
385 2625 536 2692 beneficio
566 2623 706 2712 specialis
737 2626 897 2704 retributio
933 2626 1072 2694 debetur.
1101 2629 1156 2694 Est

153 2713 156 2716 ’
226 2729 329 2786 autern
353 2714 511 2803 quoddam
535 2714 669 2816 speciale
694 2700 879 2782 beneficium
905 2716 990 2802 quod
1013 2717 1112 2783 bomo
1138 2739 1155 2784 a

225 2805 293 2872 Deo
316 2825 440 2870 summo
465 2804 604 2889 percipit,
628 2803 743 2870 seilicet
767 2804 943 2870 creationis
948 2825 1033 2884 suae;
1049 2820 1157 2872 osten·

225 2915 295 2960 sum
319 2907 365 2958 est
388 2893 473 2958 enim
504 2892 554 2975 (l.
577 2892 609 2970 ⁰2,
644 2911 671 2957 c.
710 2892 790 2978 tt)
828 2893 912 2978 quod
949 2895 1033 2960 solus
1067 2895 1157 2962 Deus

227 2996 350 3050 creator
373 2996 429 3049 est.
453 2982 553 3048 Debet
575 3001 650 3066 ergo
675 2980 908 3066 bomctaliquid
930 2982 1064 3069 speciale
1085 2979 1157 3050 Deo

227 3071 360 3138 reddere
384 3073 415 3136 in
440 3070 682 3154 recognitionem
707 3069 848 3136 beneficii
872 3072 1024 3159 specialis
1041 3085 1072 3137 ct
1094 3073 1158 3140 boc

229 3173 276 3227 est
300 3159 408 3240 latriae
431 3159 541 3226 cultus.

304 3247 455 3335 Amplius,
494 3247 602 3314 latria
631 3246 790 3314 seruitium
834 3247 957 3317 dicitur:
993 3249 1154 3320 seruitium

228 3350 332 3404 autem
365 3337 492 3403 domino
531 3335 671 3402 debetur.
705 3336 858 3402 Dominus
895 3351 997 3406 cutem
1031 3339 1160 3426 proprie

234 3439 265 3492 et
296 3445 369 3491 uere
392 3425 512 3510 estqui
535 3425 602 3490 aliis
636 3439 799 3512 praecepta
828 3426 977 3529 operandi
1000 3425 1159 3530 dispensat

236 3527 267 3580 et
295 3533 312 3577 a
336 3513 421 3580 nullo
445 3512 585 3597 regulam
609 3514 758 3600 operandi
781 3513 884 3594 sumit3
921 3515 976 3602 qui
996 3514 1081 3582 euim
1104 3534 1158 3582 ex·
