2462 3968
199 217 264 282 956
502 236 557 280 orn.
589 234 629 278 ut.
654 232 717 278 cnr.
742 228 827 276 cxxx.

200 305 297 389 piunt;
321 313 350 368 et
374 301 405 367 iri
430 303 576 368 imediate
599 301 699 367 rebus¹
716 300 860 366 humanis
877 315 1119 387 praeponuntur.

200 392 288 458 Unde
300 391 464 478 Dionysius
486 391 525 456 de
542 392 585 456 eis
600 391 674 456 dicit
689 388 772 474 qrtod
789 389 844 454 ista
862 390 948 454 tertia
961 389 1121 476 dispositio

199 481 369 569 Spirituum
390 481 534 546 humanis
575 479 754 544 hierarchiis
778 498 833 564 per
865 478 1121 562 consequentiam

200 570 357 656 praecipit.
395 569 455 634 Per
492 590 541 634 res
578 581 680 632 autem
720 567 872 632 humanas
903 566 1123 652 intelligendae

201 672 272 724 sunt
294 679 402 724 omnes
425 655 584 724 inferiores
606 670 735 721 naturae
758 668 788 718 et
810 676 921 722 causae
959 656 1123 743 particula·

202 767 251 812 res
266 769 345 834 quae
359 747 396 812 ad
414 747 572 812 hominem
585 745 767 810 ordinantur
778 756 808 809 et
823 745 856 808 in
869 766 961 810 usum
988 745 1123 811 hominis

202 836 317 902 cedunt
339 835 417 900 sicut
439 847 521 920 patet
544 855 581 901 ex
605 833 789 918 praemissis.
843 911 846 916 Ι

270 924 351 990 inter
374 923 429 988 has
452 923 544 988 etiem
568 923 693 1008 quidam
718 920 796 987 ordo
818 921 928 986 existit.

269 1012 345 1078 Nam
370 1013 400 1076 in
424 1011 518 1077 rebus
542 1012 685 1076 humanis
708 1023 755 1076 est
768 1009 891 1095 aliquod
905 1011 1023 1078 bonum
1037 1032 1124 1078 com-

203 1121 310 1176 muue,
333 1100 415 1186 quod
439 1101 564 1185 quidem
588 1113 635 1165 cst
657 1099 774 1166 bonum
798 1101 926 1165 civitatis
950 1100 998 1166 vel
1014 1101 1127 1185 gentis,
1218 1171 1219 1176 ἵ

204 1190 288 1276 quod
312 1190 432 1256 videtur
455 1188 494 1253 ad
517 1189 754 1273 principatuum
777 1187 920 1254 ordinem
957 1191 1123 1275 pertinere:
1218 1185 1219 1230 t

110 1293 112 1298 '
206 1279 288 1344 unde
323 1279 406 1356 dicit,
428 1278 459 1342 in
483 1277 592 1342 eodem
618 1276 763 1364 capitulo,
786 1277 870 1360 quod
894 1298 1009 1344 nomen
1035 1277 1125 1342 Prin-

205 1368 326 1451 ar'potnc
349 1367 489 1452 designet
511 1366 667 1452 quoddam
692 1364 866 1467 dominium
904 1387 976 1432 cum
1015 1366 1125 1467 ordine

204 1454 1128 1630 {tlttittitttitlltli‘iilllata'inlidi

203 1632 402 1700 Graecorum.
416 1633 450 1698 iit
464 1633 507 1698 sio
519 1633 678 1718 dispositio
701 1651 867 1716 regnorum
881 1645 912 1698 et
924 1634 1053 1714 mutatio
1071 1633 1128 1698 do·
1219 1687 1220 1696 ,

204 1723 380 1788 minationis
420 1721 459 1786 de
498 1735 589 1807 gente
625 1720 656 1786 iu
691 1735 817 1806 gentem
841 1721 879 1785 ad
922 1723 1129 1790 ministerium
1219 1771 1220 1806 p

203 1811 295 1896 hujus
333 1809 450 1876 ordinis
489 1812 643 1896 pertinere
680 1822 812 1895 oportet.
836 1810 997 1876 instructio
1034 1812 1130 1876 etiam

203 1921 312 1964 corum
336 1900 387 1985 qui
413 1899 491 1964 inter
515 1899 655 1964 homines
679 1900 813 1964 existunt
836 1901 999 1986 principes,
1023 1900 1062 1965 de
1081 1901 1129 1966 his

203 2009 283 2074 quae
300 1988 337 2052 ed
355 1987 651 2052 administrationem
668 1987 715 2052 sui
732 1988 890 2072 regiminis
906 1989 1072 2076 pertinent,
1090 1989 1129 2056 ad

204 2077 287 2142 huno
309 2076 454 2142 ordinem
477 2089 615 2160 spectare
640 2077 769 2140 videtur.
979 2125 987 2140 .

271 2167 322 2232 Est
344 2165 435 2230 etiam
459 2164 583 2251 aliquod
608 2165 778 2229 humanum
803 2164 921 2230 bonum
944 2165 1028 2253 quod
1064 2187 1128 2232 non

203 2254 234 2318 in
269 2256 489 2319 communitate
523 2254 671 2330 consistit,
708 2252 763 2318 sed
798 2254 837 2318 ad
872 2275 1128 2341 rruumquemque
1220 2265 1221 2304 3

204 2345 339 2428 pertinet
366 2342 538 2408 secuudum
563 2343 898 2429 seipsum3uontameu
921 2343 972 2408 uni
997 2343 1055 2408 soli
1079 2357 1127 2410 cst

206 2432 289 2510 utile,
312 2431 366 2496 sed
391 2431 506 2508 multis;
528 2432 605 2496 sicut
634 2450 713 2515 quae
744 2430 876 2496 suntab
916 2432 1060 2498 omnibus
1097 2445 1128 2496 et

203 2521 331 2606 singulis
354 2517 507 2585 credenda
531 2533 562 2584 ct
583 2518 746 2596 servanda,
777 2520 854 2584 sicut
877 2539 913 2584 ea
937 2541 1016 2606 quae
1055 2534 1128 2586 sunt

204 2608 277 2674 fidei
300 2623 330 2675 et
352 2609 455 2676 cultus
479 2609 600 2674 divinus
624 2621 654 2672 et
677 2607 735 2672 alia
771 2606 959 2691 hujusmodi:
998 2622 1028 2674 et
1069 2609 1129 2676 hoo

204 2697 242 2762 ad
266 2698 475 2784 Arcionpeios
500 2697 641 2783 pertinet,
665 2694 704 2760 de
728 2696 840 2781 quibus
863 2695 1030 2782 Gregorius
1054 2697 1129 2764 dicit

204 2787 288 2873 quod
311 2807 432 2852 summa
450 2787 601 2861 nuntiant3
618 2785 694 2849 sicut
707 2783 882 2850 Gabrielem
898 2786 1128 2870 Archangelum

205 2877 413 2955 nominamus,
452 2874 522 2959 quia
563 2873 711 2958 unigeniti
749 2872 844 2940 Veriri
883 2874 1128 2942 incarnationem

203 2966 363 3042 nuntiavit,
386 2961 471 3050 quod
494 2963 532 3030 ab
556 2961 702 3027 omnibus
724 2961 915 3028 credendum
938 2977 992 3029 est.

272 3053 437 3136 Quoddam
460 3071 532 3116 vero
557 3051 728 3116 humanum
754 3051 870 3116 bonum
895 3067 940 3117 est
963 3052 1002 3116 ad
1016 3072 1129 3118 uuum·

203 3143 348 3230 quodque
370 3140 565 3226 singulariter
588 3141 755 3226 pertinens,
779 3153 808 3205 et
832 3141 891 3206 hoc
925 3140 964 3205 ad
987 3141 1128 3206 ordinem
1220 3179 1221 3184 κ

203 3231 335 3318 pertinet
349 3231 547 3316 Angelorum,
560 3231 598 3293 de
611 3229 722 3313 quibus
735 3228 1072 3316 Gregoriusdieitquod
1083 3232 1128 3294 iu-

203 3320 276 3386 iima
300 3320 452 3396 nuatione
466 3317 590 3382 undeet
603 3317 763 3383 hominum
777 3317 920 3384 custodes
943 3338 1010 3384 esse
1022 3317 1128 3384 dicuu-

205 3409 447 3487 consonandum
464 3406 549 3472 illud:
572 3407 700 3489 Angelis
715 3409 779 3472 onis
805 3409 969 3474 mondavit
993 3408 1032 3472 dc
1049 3417 1130 3486 tant

204 3497 381 3562 cristodicnt
421 3509 448 3561 te
471 3497 503 3559 r'n
538 3497 678 3562 omnibns
711 3496 769 3562 viis
804 3496 864 3562 tnic
902 3508 979 3578 cte,
1016 3495 1127 3562 Psalm.

206 3584 260 3664 90,
283 3585 336 3650 ii.
