2514 3972
224 215 289 281 5⁰8
512 237 568 281 ιιι.
599 237 640 282 ιιι.
670 235 734 282 cnr.
760 234 841 282 xcix.

221 317 313 392 patet.
337 301 439 370 Virtus
463 319 566 370 autern
589 306 683 372 activa
708 303 887 370 urrirersalis
917 301 955 368 ad
979 300 1150 389 particula·

223 413 289 458 rem
313 393 455 458 ellectum
479 395 715 481 producendum
738 392 937 459 determinari
960 405 1060 478 potest
1083 391 1147 456 du·

223 482 350 568 pliciter.
375 503 438 547 uno
465 483 570 563 modo,
593 505 650 571 per
672 503 796 550 causam
835 482 970 546 mediam
1008 479 1147 567 particu-

222 571 332 648 larem,
355 571 434 636 sicut
456 573 550 638 virtus
573 576 671 638 activa
692 572 830 638 caelestia
867 571 1005 658 corporis
1042 570 1149 634 detor·

221 658 358 725 minatur
380 659 419 724 ad
442 660 585 726 ellectum
609 661 816 746 generationis
833 657 988 724 humanae
1010 678 1066 745 per
1081 659 1145 722 vir·
1239 714 1240 750 ,

222 762 319 814 tutem
344 749 557 834 particularem
582 771 662 836 quae
686 765 732 816 est
754 750 785 814 in
810 750 941 821 semine,
955 749 1034 814 sicut
1055 759 1087 812 et
1110 747 1145 811 in
1239 765 1240 790 ³

222 836 408 924 syllogismis
430 838 525 902 virtus
548 839 764 926 propositionis
788 837 970 902 universalis
997 836 1146 901 determi-

224 942 314 991 natur
337 926 376 988 ad
400 927 613 1012 particularem
637 927 867 992 conclusionem
890 945 946 1012 per
958 927 1145 1012 assumptio-
1240 967 1241 1014 ι

224 1035 296 1080 nem
320 1014 372 1100 (l)
396 1016 623 1100 particularcm;
645 1015 834 1093 ullomodo,
856 1035 913 1102 per
942 1013 1151 1093 intellectum,
1240 1075 1241 1078 ,

223 1105 277 1190 qui
300 1103 536 1169 determinatam
560 1104 694 1170 lormam
733 1103 938 1191 apprehendit
964 1117 995 1168 et
1016 1122 1086 1168 eam
1108 1104 1144 1168 iu

224 1191 368 1258 ellectum
391 1193 542 1279 producit.
565 1193 694 1259 Divinus
731 1208 834 1258 autem
869 1191 1041 1257 intellectus
1078 1211 1144 1256 non
1241 1220 1242 1286 q

223 1279 324 1346 solum
348 1293 393 1345 est
416 1282 641 1366 cognoscitivus
679 1303 754 1348 suae
787 1281 949 1358 essentiae,
981 1299 1062 1367 quae
1095 1294 1144 1345 cst
1241 1299 1242 1308 ¹

223 1370 311 1455 quasi
335 1371 515 1436 universalis
537 1372 631 1437 virtus
654 1374 763 1451 activa,
779 1391 886 1457 ‚neque
913 1371 1005 1434 etiam
1022 1382 1143 1433 tautum

224 1458 443 1524 universalium
466 1473 497 1525 et
519 1461 689 1547 primarum
712 1480 885 1538 causarum,
907 1457 961 1524 sed
999 1458 1142 1522 omnium
1242 1472 1243 1540 t

224 1547 464 1631 particularium,
486 1551 564 1616 sicut
587 1572 642 1638 per
664 1551 837 1637 supradicta
871 1550 915 1634 (c.
951 1547 1009 1629 76)
1047 1559 1142 1631 patet.
1242 1543 1243 1552 ’

224 1633 329 1702 Ροιεει
351 1637 443 1722 igitur
466 1638 636 1724 producere
659 1639 836 1703 immediate
847 1655 972 1702 omnem
996 1633 1142 1700 ellectum

224 1743 317 1811 quern
341 1726 482 1811 producit
505 1725 723 1812 quodcumque
747 1725 929 1811 particulare
952 1743 1059 1810 agens

289 1813 438 1898 Amplius,
460 1813 539 1880 Cum
563 1814 730 1880 accidentia
745 1825 973 1899 eorrsequantur
989 1811 1140 1899 principia

220 1901 429 1967 substantialia
452 1902 508 1980 rei,
529 1915 650 1985 oportet
672 1902 756 1990 quod
787 1902 838 1967 ille
871 1902 924 1988 qui
959 1901 1142 1966 immediate

222 1990 424 2055 substantiam
459 1993 503 2054 rei
540 1991 681 2077 producit
717 1993 811 2075 possit
849 1989 1026 2055 immediate
1059 1992 1142 2054 circa

222 2078 319 2165 ipsam
344 2099 410 2144 rem
449 2080 568 2166 operari
606 2099 822 2166 quaecumque
859 2080 897 2144 ad
935 2081 1142 2144 substantiam

219 2169 286 2252 ejus
309 2182 552 2254 consequuntur;
572 2187 724 2253 generans
736 2171 820 2233 enim
831 2167 915 2255 quod
940 2167 993 2232 dat
1006 2165 1142 2232 sormam

219 2256 271 2320 dat
294 2277 403 2322 omnes
427 2257 628 2343 proprietates
651 2274 681 2324 et
703 2273 805 2324 rnotus
839 2269 1073 2342 consequentes.
1099 2253 1142 2320 0-

217 2360 356 2410 stensum
381 2359 428 2410 est
451 2359 554 2412 autem
578 2367 670 2434 supra
695 2348 729 2427 (l.
753 2350 784 2426 d,
807 2367 832 2412 c.
855 2347 914 2428 ll)
937 2346 1021 2432 quod
1044 2345 1143 2422 Deus,

212 2433 249 2510 jn
274 2434 373 2520 prima
397 2453 501 2499 rerum
525 2435 726 2514 institutione,
749 2456 857 2500 omnes
880 2455 929 2500 res
959 2454 1013 2521 per
1051 2452 1140 2498 crea-

217 2524 334 2588 tionem
359 2523 537 2588 immediate
559 2525 704 2610 produrit
727 2525 758 2588 in
791 2544 869 2590 esse.
908 2523 1013 2588 Potest
1046 2523 1142 2607 igitur

218 2611 398 2676 immediate
421 2631 673 2700 unamquamque
696 2633 762 2678 rem
787 2613 960 2700 producere
981 2614 1046 2677 sive
1073 2631 1141 2676 mo·

218 2719 291 2764 vere
313 2701 353 2765 ad
376 2700 510 2786 aliquem
534 2701 677 2767 ellectum
700 2703 817 2788 absque
840 2701 949 2766 mediis
972 2701 1082 2766 causis.

286 2788 373 2866 item,
396 2788 483 2854 Ordo
505 2807 610 2854 rerum
648 2789 775 2878 prolluit
810 2792 840 2856 in
879 2810 930 2855 res
965 2789 1140 2854 seeundum

218 2878 301 2962 quod
325 2894 371 2944 est
393 2877 618 2965 praecogitatus
652 2883 683 2944 in
721 2879 876 2944 intellectu
915 2878 1025 2965 lpsius;
1060 2878 1140 2944 sicut

218 2967 369 3046 videmuS,
391 2969 422 3031 in
446 2968 539 3032 rebus
562 2969 716 3042 humanis,
739 2968 822 3054 quod
850 2969 993 3054 princeps
1008 2968 1141 3032 civitatis

217 3057 357 3120 ordinem
382 3056 462 3142 apud
486 3075 520 3120 se
542 3057 796 3142 praemeditatum
834 3057 960 3122 cuilibet
994 3055 1138 3142 imponit.

216 3143 390 3210 lutellectus
413 3158 517 3210 autem
540 3146 662 3211 divinus
685 3165 747 3210 nou
771 3157 816 3212 est
850 3145 1074 3210 determinatus
1096 3146 1138 3208 ad

214 3231 298 3298 bunc
320 3232 462 3298 ordinem
485 3233 525 3299 de
547 3235 738 3312 necessitate,
762 3248 795 3300 ut
825 3234 945 3299 nullum
968 3232 1063 3298 alium
1086 3253 1138 3298 or·

214 3323 318 3386 dinem
342 3321 513 3408 intelligere
535 3324 641 3410 possit,
662 3325 734 3389 cuin
757 3339 789 3389 et
808 3343 867 3389 tros
882 3323 978 3388 alium
991 3323 1135 3388 ordinem

262 3442 303 3514 (ll
323 3445 483 3514 desumptis,
502 3446 520 3497 i.
543 3459 568 3496 e.
596 3445 740 3514 propositio
762 3449 856 3513 minor,
887 3459 955 3517 quae
978 3461 1012 3500 ex
1036 3447 1139 3515 niujore

212 3519 355 3568 assumttur
373 3523 403 3568 ut
420 3515 551 3569 conclusio
569 3522 691 3586 portatur.
