2516 3968
200 198 266 266 t88
426 223 483 268 tin.
506 224 547 268 ru.
572 223 636 270 mr.
664 222 751 270 euru.
781 223 817 268 nr
840 223 935 272 curru.

268 287 331 356 Ηοε
354 301 457 357 autem
482 293 629 358 auxilium
646 307 692 358 est
713 313 777 358 non
801 293 902 360 solum
926 291 1121 378 iniusiogm·

202 378 272 455 tiae,
295 377 350 444 sed
374 382 468 446 etiam
493 383 628 448 exterior
650 382 802 462 custodia,
824 402 880 469 per
902 403 994 469 quam
1031 401 1122 448 oeca-

200 466 303 532 siones
328 469 478 554 peccandi
502 470 622 536 homini
647 491 685 536 ex
708 471 811 536 diviua
839 471 1028 560 providentia
1064 469 1125 535 tui·

200 555 305 621 iuntur
328 570 359 621 et
382 561 580 644 provocantia
604 558 643 624 ad
668 574 827 645 peceatum
865 561 1122 647 compriniuntur3

200 643 325 730 adjuvat
349 648 442 712 etiam
468 647 554 714 Deus
577 649 737 714 hominem
762 661 868 715 eontra
892 665 1052 735 peceatum
1068 667 1123 734 per

199 733 339 799 naturale
363 733 468 801 iumen
492 739 618 803 rationis
641 749 672 802 et
701 738 761 802 alia
785 738 1122 822 naturaiiabonaquae

1227 298 1240 338 ¹,

201 822 320 888 homini
343 825 472 892 confert.
497 825 577 892 Cum
601 847 677 911 ergo
705 827 782 894 haec
821 828 933 894 auxilia
971 827 1124 912 aliquibus
1232 891 1240 914 1

198 911 351 978 subtrahit
374 935 430 999 pro
451 916 565 1004 prerito
589 935 664 981 suae
692 917 830 988 aetionis,
853 916 1028 983 seeundum
1044 914 1126 1001 quod

198 999 265 1085 ejus
284 999 400 1082 justitia
425 1004 529 1087 erigit,
551 1005 663 1070 dieitur
685 1025 739 1070 eos
763 1005 919 1071 obdurare
941 1007 992 1072 vel
1021 1024 1126 1072 exose-

199 1109 269 1155 care
292 1090 341 1156 vei
364 1092 480 1179 aliquid
504 1114 616 1160 eorum
641 1114 722 1180 quae
746 1093 826 1160 dicta
852 1109 933 1162 sunt.

488 1217 674 1284 CAPUT
714 1217 843 1286 CLXiii.

89 1413 93 1422 ι
198 1322 245 1388 De
259 1324 556 1405 praedestinatione,
579 1323 797 1410 reprobatione
809 1337 839 1392 et
849 1325 996 1392 electione
1012 1325 1128 1391 divino.

265 1446 344 1528 Quia
369 1467 443 1514 vero
478 1459 637 1515 ostensum
661 1462 707 1515 est
730 1447 814 1536 quod
830 1448 933 1514 divina
949 1448 1129 1536 operatione

199 1533 293 1621 aliqui
318 1535 494 1621 diriguntur
518 1539 549 1602 in
592 1538 737 1604 ultimum
777 1538 873 1604 finem
908 1559 963 1624 per
997 1539 1127 1623 gratiam

199 1623 311 1710 adjuti,
333 1625 427 1712 aliqui
451 1646 524 1691 vero
561 1626 674 1692 eodem
714 1627 828 1692 auxilio
862 1629 979 1711 gratiae
1014 1625 1126 1692 deserti

200 1712 238 1777 ab
262 1713 375 1778 ultimo
401 1715 464 1779 fine
487 1715 644 1793 desidunt,
669 1716 773 1781 omnia
797 1729 902 1780 autern
925 1736 1007 1802 quoe
1031 1715 1125 1780 aDeo

199 1814 338 1885 aguntur
361 1803 400 1868 ab
423 1816 551 1870 aeterno
575 1824 631 1890 per
653 1803 720 1890 ejus
743 1805 924 1891 sapientiam
950 1805 1072 1892 provisa
1095 1815 1125 1868 et

202 1889 343 1956 ordinata
367 1905 449 1969 sunt,
473 1905 621 1979 utsupra
645 1907 803 1958 ostensum
828 1907 885 1971 est,
919 1914 1048 1960 neeesse
1081 1903 1125 1957 est

201 1979 394 2064 praedietam
418 1980 581 2046 hominum
606 1981 833 2047 distinctionem
863 1982 902 2048 ab
941 1996 1072 2049 aeterno
1106 2000 1124 2045 a
1239 1989 1242 2000 *

200 2067 271 2132 Deo
295 2088 363 2134 esse
386 2067 571 2134 ordinatam.
596 2069 775 2136 Secundum
789 2069 1124 2158 ergoquodquosdam

200 2155 239 2222 ab
263 2170 389 2224 aeterno
414 2158 643 2244 praeordinavit
667 2173 700 2225 ut
724 2159 902 2245 dirigendos
926 2160 956 2225 in
981 2160 1124 2225 ultimum

201 2245 306 2326 finem,
331 2247 442 2313 dieitur
466 2269 520 2314 eos
555 2248 809 2334 praedestinasse
847 2249 931 2323 unde
965 2247 1127 2335 Apostolus

200 2336 283 2400 dioit:
299 2336 361 2416 Qui
374 2337 724 2420 praedestinavitque
737 2338 936 2423 adoptionem
951 2339 1121 2421 tiliorum...

199 2427 367 2489 seeundum
388 2431 584 2510 propositum
613 2427 784 2492 voluntatis
816 2447 903 2502 ettae,
936 2427 1061 2513 Ephes„
1097 2425 1125 2490 1.

200 2513 271 2578 111οε
306 2526 410 2578 autem
450 2514 562 2602 quibus
600 2514 639 2580 ab
673 2528 800 2580 aeterno
824 2515 975 2603 disposuit
997 2535 1031 2581 se
1055 2534 1124 2599 gra·

199 2603 272 2668 tiam
298 2623 361 2668 non
383 2602 528 2668 daturum
561 2603 673 2669 dieitur
696 2606 879 2690 reprobasse
903 2604 951 2670 vel
974 2603 1048 2670 odio
1071 2604 1125 2668 ita-

199 2693 314 2769 buisse,
338 2693 510 2757 secundum
526 2692 599 2756 iilud
633 2692 716 2776 quod
740 2693 881 2760 habetur:
900 2694 1004 2759 Diiem'
1018 2690 1124 2767 tacut,

200 2779 284 2846 Esou
296 2791 402 2845 autem
417 2782 488 2846 odio
506 2781 603 2846 habui
611 2831 619 2860 ‚
634 2781 778 2862 Malaoh„
798 2783 829 2860 1,
843 2784 896 2848 15.
910 2783 1039 2848 Ratione
1052 2800 1125 2846 vero

199 2871 295 2957 ipsius
320 2869 539 2947 distinotionis,
563 2871 736 2936 seeundum
755 2870 1124 2958 quodquosdamrepro-
1234 2911 1242 2936 a

199 2960 282 3026 bavit
309 2971 340 3023 et
363 2959 515 3046 quosdam
541 2958 789 3045 praedestinavit,
819 2960 987 3025 attenditur
1020 2958 1125 3024 divina

199 3049 329 3121 eiectio,
342 3047 381 3112 de
398 3069 457 3135 qua
475 3047 597 3127 dieitur,
621 3047 721 3134 Eieqit
734 3071 789 3115 nos
804 3050 837 3114 in
851 3050 920 3135 ipso
931 3061 1004 3115 ante
1018 3047 1126 3114 muudi

199 3137 464 3216 constitutionem,
487 3137 610 3222 Ephes„
640 3136 671 3214 1,
695 3138 726 3202 d.

263 3227 318 3292 Sio
350 3226 443 3310 igitur
468 3238 550 3313 petet
573 3224 657 3312 quod
689 3224 928 3312 praedestinatio
951 3239 983 3292 et
1015 3224 1124 3292 electio

197 3331 227 3382 et
250 3315 434 3401 reprobatio
457 3330 503 3378 est
516 3315 669 3400 quaedam
681 3336 751 3403 pars
767 3315 890 3381 divinae
904 3315 1124 3401 providentiae,

197 3404 314 3471 secund
324 3423 376 3467 um
403 3403 488 3490 quod
514 3403 658 3469 homines
681 3423 719 3470 ert
741 3403 844 3470 divina
869 3404 1059 3493 providentia
1072 3422 1123 3466 or·

198 3494 347 3558 dinantur
370 3491 401 3556 in
425 3493 568 3558 ultimum
592 3493 697 3574 tinen13
721 3492 804 3560 unde
828 3513 884 3583 per
897 3492 1008 3561 eadem
1025 3490 1124 3560 mani·
