<?xml version="1.0" encoding="UTF-8"?>
<!DOCTYPE html PUBLIC "-//W3C//DTD XHTML 1.0 Transitional//EN"
    "http://www.w3.org/TR/xhtml1/DTD/xhtml1-transitional.dtd">
<html xmlns="http://www.w3.org/1999/xhtml" xml:lang="en" lang="en">
 <head>
  <title>
</title>
<meta http-equiv="Content-Type" content="text/html;charset=utf-8" />
  <meta name='ocr-system' content='tesseract 3.04.00' />
  <meta name='ocr-capabilities' content='ocr_page ocr_carea ocr_par ocr_line ocrx_word'/>
</head>
<body>
  <div class='ocr_page' id='page_1' title='image "./sanctithomaeaqu00thomgoog_0358.png"; bbox 0 0 2514 3972; ppageno 0'>
   <div class='ocr_carea' id='block_1_1' title="bbox 119 232 1043 679">
    <p class='ocr_par' dir='ltr' id='par_1_1' title="bbox 119 232 1043 679">
     <span class='ocr_line' id='line_1_1' title="bbox 141 232 1042 314; baseline -0.001 -14"><span class='ocrx_word' id='word_1_1' title='bbox 141 309 144 314; x_wconf 48' lang='grc'><em>,</em></span> <span class='ocrx_word' id='word_1_2' title='bbox 345 233 402 301; x_wconf 79' lang='grc' dir='ltr'><strong>ιιι.</strong></span> <span class='ocrx_word' id='word_1_3' title='bbox 426 255 467 300; x_wconf 89' lang='lat' dir='ltr'><strong>ru.</strong></span> <span class='ocrx_word' id='word_1_4' title='bbox 492 253 555 300; x_wconf 81' lang='lat' dir='ltr'><strong>etr.</strong></span> <span class='ocrx_word' id='word_1_5' title='bbox 580 251 659 299; x_wconf 82' lang='lat' dir='ltr'><strong>caru.</strong></span> <span class='ocrx_word' id='word_1_6' title='bbox 683 252 720 298; x_wconf 85' lang='lat' dir='ltr'><strong>nr</strong></span> <span class='ocrx_word' id='word_1_7' title='bbox 743 253 821 300; x_wconf 82' lang='lat' dir='ltr'><strong>ontr.</strong></span> <span class='ocrx_word' id='word_1_8' title='bbox 971 232 1042 299; x_wconf 69' lang='lat'><strong>555</strong></span> 
     </span>
     <span class='ocr_line' id='line_1_2' title="bbox 127 319 1043 408; baseline 0.001 -22"><span class='ocrx_word' id='word_1_9' title='bbox 127 319 223 387; x_wconf 85' lang='lat' dir='ltr'><strong>bobus</strong></span> <span class='ocrx_word' id='word_1_10' title='bbox 246 341 322 389; x_wconf 78' lang='lat' dir='ltr'><strong>tarra</strong></span> <span class='ocrx_word' id='word_1_11' title='bbox 344 337 391 390; x_wconf 85' lang='lat' dir='ltr'><strong>est</strong></span> <span class='ocrx_word' id='word_1_12' title='bbox 413 323 515 403; x_wconf 87' lang='lat' dir='ltr'><strong>Deo‚l</strong></span> <span class='ocrx_word' id='word_1_13' title='bbox 544 321 669 401; x_wconf 83' lang='lat' dir='ltr'><strong>Cor.,9‚</strong></span> <span class='ocrx_word' id='word_1_14' title='bbox 692 322 723 386; x_wconf 81' lang='lat'><strong>9.</strong></span> <span class='ocrx_word' id='word_1_15' title='bbox 737 319 949 408; x_wconf 83' lang='lat' dir='ltr'><strong>Quaequidem</strong></span> <span class='ocrx_word' id='word_1_16' title='bbox 973 323 1043 387; x_wconf 84' lang='lat' dir='ltr'><strong>ideo</strong></span> 
     </span>
     <span class='ocr_line' id='line_1_3' title="bbox 121 410 1042 498; baseline 0.001 -22"><span class='ocrx_word' id='word_1_17' title='bbox 121 410 269 478; x_wconf 84' lang='lat' dir='ltr'><strong>dicuntur</strong></span> <span class='ocrx_word' id='word_1_18' title='bbox 280 412 353 498; x_wconf 86' lang='lat' dir='ltr'><strong>quia</strong></span> <span class='ocrx_word' id='word_1_19' title='bbox 369 414 408 479; x_wconf 89' lang='lat' dir='ltr'><strong>de</strong></span> <span class='ocrx_word' id='word_1_20' title='bbox 421 413 565 478; x_wconf 83' lang='lat' dir='ltr'><strong>humanis</strong></span> <span class='ocrx_word' id='word_1_21' title='bbox 577 412 694 477; x_wconf 86' lang='lat' dir='ltr'><strong>actibus</strong></span> <span class='ocrx_word' id='word_1_22' title='bbox 718 411 802 477; x_wconf 88' lang='lat' dir='ltr'><strong>Deus</strong></span> <span class='ocrx_word' id='word_1_23' title='bbox 815 431 921 477; x_wconf 80' lang='lat' dir='ltr'><strong>curant</strong></span> <span class='ocrx_word' id='word_1_24' title='bbox 940 412 1042 488; x_wconf 70' lang='lat' dir='ltr'><strong>isabel,</strong></span> 
     </span>
     <span class='ocr_line' id='line_1_4' title="bbox 119 498 1042 590; baseline 0.004 -26"><span class='ocrx_word' id='word_1_25' title='bbox 119 519 185 565; x_wconf 91' lang='lat' dir='ltr'><strong>non</strong></span> <span class='ocrx_word' id='word_1_26' title='bbox 208 501 310 567; x_wconf 89' lang='lat' dir='ltr'><strong>solum</strong></span> <span class='ocrx_word' id='word_1_27' title='bbox 334 517 424 590; x_wconf 80' lang='lat' dir='ltr'><strong>prout</strong></span> <span class='ocrx_word' id='word_1_28' title='bbox 447 501 485 567; x_wconf 91' lang='lat' dir='ltr'><strong>ad</strong></span> <span class='ocrx_word' id='word_1_29' title='bbox 509 501 644 589; x_wconf 83' lang='lat' dir='ltr'><strong>speeiem</strong></span> <span class='ocrx_word' id='word_1_30' title='bbox 668 501 833 586; x_wconf 75' lang='lat' dir='ltr'><strong>pertinent,</strong></span> <span class='ocrx_word' id='word_1_31' title='bbox 867 498 923 565; x_wconf 88' lang='lat' dir='ltr'><strong>sed</strong></span> <span class='ocrx_word' id='word_1_32' title='bbox 950 499 1042 568; x_wconf 85' lang='lat' dir='ltr'><strong>etiam</strong></span> 
     </span>
     <span class='ocr_line' id='line_1_5' title="bbox 119 588 821 679; baseline 0.003 -25"><span class='ocrx_word' id='word_1_33' title='bbox 119 589 292 656; x_wconf 82' lang='lat' dir='ltr'><strong>seeundum</strong></span> <span class='ocrx_word' id='word_1_34' title='bbox 315 591 398 679; x_wconf 91' lang='lat' dir='ltr'><strong>quod</strong></span> <span class='ocrx_word' id='word_1_35' title='bbox 423 604 496 657; x_wconf 89' lang='lat' dir='ltr'><strong>sunt</strong></span> <span class='ocrx_word' id='word_1_36' title='bbox 518 605 603 656; x_wconf 88' lang='lat' dir='ltr'><strong>aetus</strong></span> <span class='ocrx_word' id='word_1_37' title='bbox 631 588 821 677; x_wconf 74' lang='lat' dir='ltr'><strong>personales.</strong></span> 
     </span>
    </p>
   </div>
   <div class='ocr_carea' id='block_1_2' title="bbox 224 765 936 1030">
    <p class='ocr_par' dir='ltr' id='par_1_2' title="bbox 224 765 936 1030">
     <span class='ocr_line' id='line_1_6' title="bbox 429 765 732 834; baseline -0.007 0"><span class='ocrx_word' id='word_1_38' title='bbox 429 765 599 834; x_wconf 82' lang='lat' dir='ltr'><strong>CAPUT</strong></span> <span class='ocrx_word' id='word_1_39' title='bbox 632 765 732 832; x_wconf 87' lang='lat' dir='ltr'><strong>CXlV.</strong></span> 
     </span>
     <span class='ocr_line' id='line_1_7' title="bbox 224 943 936 1030; baseline -0.006 -18"><span class='ocrx_word' id='word_1_40' title='bbox 224 945 314 1027; x_wconf 86' lang='lat' dir='ltr'><strong>Quod</strong></span> <span class='ocrx_word' id='word_1_41' title='bbox 335 945 484 1012; x_wconf 81' lang='lat' dir='ltr'><strong>diuinitus</strong></span> <span class='ocrx_word' id='word_1_42' title='bbox 506 943 681 1010; x_wconf 80' lang='lat' dir='ltr'><strong>hominibus</strong></span> <span class='ocrx_word' id='word_1_43' title='bbox 709 945 788 1030; x_wconf 68' lang='lat' dir='ltr'><strong>lenes</strong></span> <span class='ocrx_word' id='word_1_44' title='bbox 810 943 936 1010; x_wconf 82' lang='lat' dir='ltr'><strong>dantur.</strong></span> 
     </span>
    </p>
   </div>
   <div class='ocr_carea' id='block_1_3' title="bbox 103 1119 1088 3678">
    <p class='ocr_par' dir='ltr' id='par_1_3' title="bbox 116 1119 1038 1297">
     <span class='ocr_line' id='line_1_8' title="bbox 183 1119 1038 1210; baseline -0.001 -23"><span class='ocrx_word' id='word_1_45' title='bbox 183 1120 226 1188; x_wconf 86' lang='lat' dir='ltr'><strong>Ex</strong></span> <span class='ocrx_word' id='word_1_46' title='bbox 262 1123 322 1189; x_wconf 84' lang='lat' dir='ltr'><strong>hoo</strong></span> <span class='ocrx_word' id='word_1_47' title='bbox 355 1136 459 1187; x_wconf 87' lang='lat' dir='ltr'><strong>autem</strong></span> <span class='ocrx_word' id='word_1_48' title='bbox 487 1137 615 1210; x_wconf 85' lang='lat' dir='ltr'><strong>apparet</strong></span> <span class='ocrx_word' id='word_1_49' title='bbox 638 1120 722 1208; x_wconf 90' lang='lat' dir='ltr'><strong>quod</strong></span> <span class='ocrx_word' id='word_1_50' title='bbox 745 1121 956 1188; x_wconf 80' lang='lat' dir='ltr'><strong>necessarium</strong></span> <span class='ocrx_word' id='word_1_51' title='bbox 981 1119 1038 1186; x_wconf 85' lang='lat' dir='ltr'><strong>luit</strong></span> 
     </span>
     <span class='ocr_line' id='line_1_9' title="bbox 116 1209 629 1297; baseline 0 -23"><span class='ocrx_word' id='word_1_52' title='bbox 116 1209 237 1276; x_wconf 85' lang='lat' dir='ltr'><strong>homini</strong></span> <span class='ocrx_word' id='word_1_53' title='bbox 259 1212 404 1278; x_wconf 90' lang='lat' dir='ltr'><strong>divinitus</strong></span> <span class='ocrx_word' id='word_1_54' title='bbox 427 1210 527 1297; x_wconf 78' lang='lat' dir='ltr'><strong>legem</strong></span> <span class='ocrx_word' id='word_1_55' title='bbox 552 1211 629 1276; x_wconf 84' lang='lat' dir='ltr'><strong>duri.</strong></span> 
     </span>
    </p>

    <p class='ocr_par' dir='ltr' id='par_1_4' title="bbox 181 1297 1036 1367">
     <span class='ocr_line' id='line_1_10' title="bbox 181 1297 1036 1367; baseline -0.002 -4"><span class='ocrx_word' id='word_1_56' title='bbox 181 1297 266 1366; x_wconf 88' lang='lat' dir='ltr'><strong>Siout</strong></span> <span class='ocrx_word' id='word_1_57' title='bbox 288 1303 372 1367; x_wconf 79' lang='lat' dir='ltr'><strong>eninr</strong></span> <span class='ocrx_word' id='word_1_58' title='bbox 396 1315 479 1367; x_wconf 85' lang='lat' dir='ltr'><strong>aetus</strong></span> <span class='ocrx_word' id='word_1_59' title='bbox 505 1298 728 1365; x_wconf 87' lang='lat' dir='ltr'><strong>irrationalium</strong></span> <span class='ocrx_word' id='word_1_60' title='bbox 752 1310 964 1363; x_wconf 81' lang='lat' dir='ltr'><strong>creaturarum</strong></span> <span class='ocrx_word' id='word_1_61' title='bbox 991 1298 1036 1362; x_wconf 93' lang='lat' dir='ltr'><strong>di·</strong></span> 
     </span>
    </p>

    <p class='ocr_par' dir='ltr' id='par_1_5' title="bbox 106 1387 1088 2807">
     <span class='ocr_line' id='line_1_11' title="bbox 113 1387 1038 1474; baseline 0 -22"><span class='ocrx_word' id='word_1_62' title='bbox 113 1387 258 1472; x_wconf 75' lang='lat' dir='ltr'><strong>riguntut·</strong></span> <span class='ocrx_word' id='word_1_63' title='bbox 279 1410 296 1455; x_wconf 90' lang='lat' dir='ltr'><strong>a</strong></span> <span class='ocrx_word' id='word_1_64' title='bbox 320 1390 398 1468; x_wconf 87' lang='lat' dir='ltr'><strong>Deo,</strong></span> <span class='ocrx_word' id='word_1_65' title='bbox 420 1409 457 1455; x_wconf 89' lang='lat' dir='ltr'><strong>ea</strong></span> <span class='ocrx_word' id='word_1_66' title='bbox 480 1391 599 1454; x_wconf 87' lang='lat' dir='ltr'><strong>ratione</strong></span> <span class='ocrx_word' id='word_1_67' title='bbox 622 1408 682 1474; x_wconf 88' lang='lat' dir='ltr'><strong>qua</strong></span> <span class='ocrx_word' id='word_1_68' title='bbox 705 1387 745 1453; x_wconf 90' lang='lat' dir='ltr'><strong>ad</strong></span> <span class='ocrx_word' id='word_1_69' title='bbox 768 1388 904 1472; x_wconf 83' lang='lat' dir='ltr'><strong>speciem</strong></span> <span class='ocrx_word' id='word_1_70' title='bbox 945 1388 1038 1472; x_wconf 86' lang='lat' dir='ltr'><strong>perti-</strong></span> 
     </span>
     <span class='ocr_line' id='line_1_12' title="bbox 113 1475 1037 1560; baseline 0 -20"><span class='ocrx_word' id='word_1_71' title='bbox 113 1490 200 1556; x_wconf 90' lang='lat' dir='ltr'><strong>nent,</strong></span> <span class='ocrx_word' id='word_1_72' title='bbox 223 1478 263 1543; x_wconf 88' lang='lat' dir='ltr'><strong>ita</strong></span> <span class='ocrx_word' id='word_1_73' title='bbox 288 1492 373 1546; x_wconf 84' lang='lat' dir='ltr'><strong>aetus</strong></span> <span class='ocrx_word' id='word_1_74' title='bbox 398 1478 561 1544; x_wconf 86' lang='lat' dir='ltr'><strong>hominum</strong></span> <span class='ocrx_word' id='word_1_75' title='bbox 585 1476 760 1560; x_wconf 78' lang='lat' dir='ltr'><strong>diriguntur</strong></span> <span class='ocrx_word' id='word_1_76' title='bbox 782 1496 800 1540; x_wconf 87' lang='lat' dir='ltr'><strong>a</strong></span> <span class='ocrx_word' id='word_1_77' title='bbox 823 1475 903 1555; x_wconf 89' lang='lat' dir='ltr'><strong>Deo,</strong></span> <span class='ocrx_word' id='word_1_78' title='bbox 925 1496 1037 1540; x_wconf 88' lang='lat' dir='ltr'><strong>seeun-</strong></span> 
     </span>
     <span class='ocr_line' id='line_1_13' title="bbox 110 1564 1037 1652; baseline 0.001 -23"><span class='ocrx_word' id='word_1_79' title='bbox 110 1565 187 1630; x_wconf 88' lang='lat' dir='ltr'><strong>dum</strong></span> <span class='ocrx_word' id='word_1_80' title='bbox 206 1567 295 1652; x_wconf 85' lang='lat' dir='ltr'><strong>&#39;quod</strong></span> <span class='ocrx_word' id='word_1_81' title='bbox 319 1567 357 1634; x_wconf 87' lang='lat' dir='ltr'><strong>ad</strong></span> <span class='ocrx_word' id='word_1_82' title='bbox 381 1565 574 1632; x_wconf 87' lang='lat' dir='ltr'><strong>individuum</strong></span> <span class='ocrx_word' id='word_1_83' title='bbox 599 1566 763 1652; x_wconf 85' lang='lat' dir='ltr'><strong>pertinent,</strong></span> <span class='ocrx_word' id='word_1_84' title='bbox 786 1577 833 1629; x_wconf 89' lang='lat' dir='ltr'><strong>est</strong></span> <span class='ocrx_word' id='word_1_85' title='bbox 863 1565 906 1650; x_wconf 86' lang='lat' dir='ltr'><strong>(c.</strong></span> <span class='ocrx_word' id='word_1_86' title='bbox 946 1564 1037 1646; x_wconf 72' lang='lat' dir='ltr'><strong>tto).</strong></span> 
     </span>
     <span class='ocr_line' id='line_1_14' title="bbox 113 1652 1036 1739; baseline -0.002 -21"><span class='ocrx_word' id='word_1_87' title='bbox 113 1654 176 1720; x_wconf 87' lang='lat' dir='ltr'><strong>Sed</strong></span> <span class='ocrx_word' id='word_1_88' title='bbox 199 1671 285 1721; x_wconf 86' lang='lat' dir='ltr'><strong>aetus</strong></span> <span class='ocrx_word' id='word_1_89' title='bbox 307 1669 518 1722; x_wconf 85' lang='lat' dir='ltr'><strong>ereaturarum</strong></span> <span class='ocrx_word' id='word_1_90' title='bbox 542 1653 776 1731; x_wconf 79' lang='lat' dir='ltr'><strong>irrationalium,</strong></span> <span class='ocrx_word' id='word_1_91' title='bbox 799 1665 889 1738; x_wconf 85' lang='lat' dir='ltr'><strong>prout</strong></span> <span class='ocrx_word' id='word_1_92' title='bbox 903 1652 942 1718; x_wconf 92' lang='lat' dir='ltr'><strong>ad</strong></span> <span class='ocrx_word' id='word_1_93' title='bbox 964 1673 1036 1739; x_wconf 84' lang='lat' dir='ltr'><strong>spe-</strong></span> 
     </span>
     <span class='ocr_line' id='line_1_15' title="bbox 111 1741 1035 1830; baseline 0.001 -24"><span class='ocrx_word' id='word_1_94' title='bbox 111 1743 193 1808; x_wconf 86' lang='lat' dir='ltr'><strong>ciem</strong></span> <span class='ocrx_word' id='word_1_95' title='bbox 216 1746 380 1830; x_wconf 85' lang='lat' dir='ltr'><strong>pertinent,</strong></span> <span class='ocrx_word' id='word_1_96' title='bbox 403 1744 578 1830; x_wconf 79' lang='lat' dir='ltr'><strong>diriguntur</strong></span> <span class='ocrx_word' id='word_1_97' title='bbox 601 1764 617 1808; x_wconf 88' lang='lat' dir='ltr'><strong>a</strong></span> <span class='ocrx_word' id='word_1_98' title='bbox 641 1743 708 1806; x_wconf 88' lang='lat' dir='ltr'><strong>Deo</strong></span> <span class='ocrx_word' id='word_1_99' title='bbox 732 1741 867 1828; x_wconf 88' lang='lat' dir='ltr'><strong>quadarn</strong></span> <span class='ocrx_word' id='word_1_100' title='bbox 902 1742 1035 1807; x_wconf 89' lang='lat' dir='ltr'><strong>naturali</strong></span> 
     </span>
     <span class='ocr_line' id='line_1_16' title="bbox 112 1829 1034 1922; baseline 0.001 -27"><span class='ocrx_word' id='word_1_101' title='bbox 112 1831 322 1914; x_wconf 78' lang='lat' dir='ltr'><strong>inclinatione,</strong></span> <span class='ocrx_word' id='word_1_102' title='bbox 346 1853 425 1922; x_wconf 85' lang='lat' dir='ltr'><strong>quae</strong></span> <span class='ocrx_word' id='word_1_103' title='bbox 448 1845 590 1898; x_wconf 88' lang='lat' dir='ltr'><strong>naturam</strong></span> <span class='ocrx_word' id='word_1_104' title='bbox 604 1831 716 1918; x_wconf 81' lang='lat' dir='ltr'><strong>speciei</strong></span> <span class='ocrx_word' id='word_1_105' title='bbox 732 1829 941 1915; x_wconf 82' lang='lat' dir='ltr'><strong>consequitur.</strong></span> <span class='ocrx_word' id='word_1_106' title='bbox 954 1831 1034 1916; x_wconf 77' lang='lat' dir='ltr'><strong>Ergo</strong></span> 
     </span>
     <span class='ocr_line' id='line_1_17' title="bbox 111 1918 1033 2007; baseline 0.002 -23"><span class='ocrx_word' id='word_1_107' title='bbox 111 1940 206 2007; x_wconf 82' lang='lat' dir='ltr'><strong>supra</strong></span> <span class='ocrx_word' id='word_1_108' title='bbox 229 1921 289 1989; x_wconf 87' lang='lat' dir='ltr'><strong>hoo</strong></span> <span class='ocrx_word' id='word_1_109' title='bbox 312 1923 449 1988; x_wconf 86' lang='lat' dir='ltr'><strong>dandum</strong></span> <span class='ocrx_word' id='word_1_110' title='bbox 473 1935 519 1986; x_wconf 90' lang='lat' dir='ltr'><strong>est</strong></span> <span class='ocrx_word' id='word_1_111' title='bbox 556 1921 670 2006; x_wconf 87' lang='lat' dir='ltr'><strong>aliquid</strong></span> <span class='ocrx_word' id='word_1_112' title='bbox 697 1918 876 1984; x_wconf 83' lang='lat' dir='ltr'><strong>horninibus</strong></span> <span class='ocrx_word' id='word_1_113' title='bbox 900 1940 962 2006; x_wconf 89' lang='lat' dir='ltr'><strong>quo</strong></span> <span class='ocrx_word' id='word_1_114' title='bbox 1002 1921 1033 1986; x_wconf 88' lang='lat' dir='ltr'><strong>iu</strong></span> 
     </span>
     <span class='ocr_line' id='line_1_18' title="bbox 109 2008 1033 2164; baseline 0.002 -92"><span class='ocrx_word' id='word_1_115' title='bbox 109 2013 176 2164; x_wconf 76' lang='lat' dir='ltr'><strong>iauis</strong></span> <span class='ocrx_word' id='word_1_116' title='bbox 198 2013 412 2095; x_wconf 79' lang='lat' dir='ltr'><strong>personalibus</strong></span> <span class='ocrx_word' id='word_1_117' title='bbox 435 2011 553 2078; x_wconf 83' lang='lat' dir='ltr'><strong>actibus</strong></span> <span class='ocrx_word' id='word_1_118' title='bbox 576 2010 759 2095; x_wconf 71' lang='lat' dir='ltr'><strong>dirigantun</strong></span> <span class='ocrx_word' id='word_1_119' title='bbox 788 2021 819 2074; x_wconf 91' lang='lat' dir='ltr'><strong>et</strong></span> <span class='ocrx_word' id='word_1_120' title='bbox 833 2008 1033 2075; x_wconf 81' lang='lat' dir='ltr'><strong>lroediuimus</strong></span> 
     </span>
     <span class='ocr_line' id='line_1_19' title="bbox 121 2115 988 2185; baseline -0.002 -21"><span class='ocrx_word' id='word_1_121' title='bbox 121 2115 223 2185; x_wconf 76' lang='lat' dir='ltr'><strong>egem.</strong></span> <span class='ocrx_word' id='word_1_122' title='bbox 457 2119 459 2128; x_wconf 93' lang='lat'><em>·</em></span> <span class='ocrx_word' id='word_1_123' title='bbox 986 2129 988 2134; x_wconf 96' lang='lat'>·</span> 
     </span>
     <span class='ocr_line' id='line_1_20' title="bbox 106 2185 1032 2266; baseline -0.002 -12"><span class='ocrx_word' id='word_1_124' title='bbox 106 2201 111 2213; x_wconf 78' lang='grc'><strong>“</strong></span> <span class='ocrx_word' id='word_1_125' title='bbox 175 2185 295 2265; x_wconf 79' lang='lat' dir='ltr'><strong>Adhuc,</strong></span> <span class='ocrx_word' id='word_1_126' title='bbox 317 2187 485 2255; x_wconf 79' lang='lat' dir='ltr'><strong>Rationalis</strong></span> <span class='ocrx_word' id='word_1_127' title='bbox 506 2202 660 2266; x_wconf 83' lang='lat' dir='ltr'><strong>ereatura,</strong></span> <span class='ocrx_word' id='word_1_128' title='bbox 681 2200 715 2252; x_wconf 94' lang='lat' dir='ltr'><strong>ut</strong></span> <span class='ocrx_word' id='word_1_129' title='bbox 752 2185 868 2253; x_wconf 87' lang='lat' dir='ltr'><strong>diotnrn</strong></span> <span class='ocrx_word' id='word_1_130' title='bbox 907 2199 964 2266; x_wconf 89' lang='lat' dir='ltr'><strong>est,</strong></span> <span class='ocrx_word' id='word_1_131' title='bbox 986 2186 1032 2252; x_wconf 84' lang='lat' dir='ltr'><strong>sio</strong></span> 
     </span>
     <span class='ocr_line' id='line_1_21' title="bbox 107 2274 1088 2364; baseline 0.002 -26"><span class='ocrx_word' id='word_1_132' title='bbox 107 2274 232 2343; x_wconf 86' lang='lat' dir='ltr'><strong>divinae</strong></span> <span class='ocrx_word' id='word_1_133' title='bbox 255 2279 466 2364; x_wconf 83' lang='lat' dir='ltr'><strong>providentiae</strong></span> <span class='ocrx_word' id='word_1_134' title='bbox 487 2277 631 2342; x_wconf 82' lang='lat' dir='ltr'><strong>subditur</strong></span> <span class='ocrx_word' id='word_1_135' title='bbox 654 2274 739 2362; x_wconf 88' lang='lat' dir='ltr'><strong>quod</strong></span> <span class='ocrx_word' id='word_1_136' title='bbox 763 2275 856 2341; x_wconf 82' lang='lat' dir='ltr'><strong>etiarn</strong></span> <span class='ocrx_word' id='word_1_137' title='bbox 889 2275 1032 2340; x_wconf 85' lang='lat' dir='ltr'><strong>similitu·</strong></span> <span class='ocrx_word' id='word_1_138' title='bbox 1083 2303 1088 2316; x_wconf 75' lang='lat'>=</span> 
     </span>
     <span class='ocr_line' id='line_1_22' title="bbox 107 2363 1031 2454; baseline 0 -26"><span class='ocrx_word' id='word_1_139' title='bbox 107 2365 214 2430; x_wconf 84' lang='lat' dir='ltr'><strong>dinem</strong></span> <span class='ocrx_word' id='word_1_140' title='bbox 251 2367 419 2454; x_wconf 85' lang='lat' dir='ltr'><strong>quamdam</strong></span> <span class='ocrx_word' id='word_1_141' title='bbox 457 2365 579 2431; x_wconf 78' lang='lat' dir='ltr'><strong>divinae</strong></span> <span class='ocrx_word' id='word_1_142' title='bbox 620 2363 832 2451; x_wconf 83' lang='lat' dir='ltr'><strong>providentiae</strong></span> <span class='ocrx_word' id='word_1_143' title='bbox 859 2364 1031 2451; x_wconf 81' lang='lat' dir='ltr'><strong>participat,</strong></span> 
     </span>
     <span class='ocr_line' id='line_1_23' title="bbox 108 2453 1030 2542; baseline -0.001 -24"><span class='ocrx_word' id='word_1_144' title='bbox 108 2453 314 2542; x_wconf 88' lang='lat' dir='ltr'><strong>inquantum</strong></span> <span class='ocrx_word' id='word_1_145' title='bbox 348 2457 435 2522; x_wconf 91' lang='lat' dir='ltr'><strong>sein</strong></span> <span class='ocrx_word' id='word_1_146' title='bbox 473 2455 537 2520; x_wconf 87' lang='lat' dir='ltr'><strong>suis</strong></span> <span class='ocrx_word' id='word_1_147' title='bbox 577 2455 696 2518; x_wconf 82' lang='lat' dir='ltr'><strong>actibus</strong></span> <span class='ocrx_word' id='word_1_148' title='bbox 720 2466 749 2518; x_wconf 88' lang='lat' dir='ltr'><strong>et</strong></span> <span class='ocrx_word' id='word_1_149' title='bbox 772 2453 831 2518; x_wconf 85' lang='lat' dir='ltr'><strong>alia</strong></span> <span class='ocrx_word' id='word_1_150' title='bbox 855 2453 1030 2538; x_wconf 77' lang='lat' dir='ltr'><strong>gubernare</strong></span> 
     </span>
     <span class='ocr_line' id='line_1_24' title="bbox 107 2543 1030 2632; baseline 0 -26"><span class='ocrx_word' id='word_1_151' title='bbox 107 2555 217 2629; x_wconf 85' lang='lat' dir='ltr'><strong>potest.</strong></span> <span class='ocrx_word' id='word_1_152' title='bbox 240 2543 274 2609; x_wconf 87' lang='lat' dir='ltr'><strong>ld</strong></span> <span class='ocrx_word' id='word_1_153' title='bbox 298 2557 401 2610; x_wconf 88' lang='lat' dir='ltr'><strong>autem</strong></span> <span class='ocrx_word' id='word_1_154' title='bbox 424 2562 487 2632; x_wconf 89' lang='lat' dir='ltr'><strong>quo</strong></span> <span class='ocrx_word' id='word_1_155' title='bbox 510 2544 684 2630; x_wconf 82' lang='lat' dir='ltr'><strong>aliquorum</strong></span> <span class='ocrx_word' id='word_1_156' title='bbox 707 2553 794 2606; x_wconf 85' lang='lat' dir='ltr'><strong>aetus</strong></span> <span class='ocrx_word' id='word_1_157' title='bbox 816 2544 1030 2626; x_wconf 75' lang='lat' dir='ltr'><strong>gubernantur</strong></span> 
     </span>
     <span class='ocr_line' id='line_1_25' title="bbox 108 2629 1029 2716; baseline 0.001 -21"><span class='ocrx_word' id='word_1_158' title='bbox 108 2631 222 2699; x_wconf 86' lang='lat' dir='ltr'><strong>dieitur</strong></span> <span class='ocrx_word' id='word_1_159' title='bbox 243 2632 302 2700; x_wconf 83' lang='lat' dir='ltr'><strong>lex.</strong></span> <span class='ocrx_word' id='word_1_160' title='bbox 328 2632 522 2700; x_wconf 85' lang='lat' dir='ltr'><strong>Conveniens</strong></span> <span class='ocrx_word' id='word_1_161' title='bbox 545 2633 639 2716; x_wconf 78' lang='lat' dir='ltr'><strong>igitur</strong></span> <span class='ocrx_word' id='word_1_162' title='bbox 661 2629 719 2695; x_wconf 87' lang='lat' dir='ltr'><strong>luit</strong></span> <span class='ocrx_word' id='word_1_163' title='bbox 741 2630 1029 2696; x_wconf 86' lang='lat' dir='ltr'><strong>aDeolrominibus</strong></span> 
     </span>
     <span class='ocr_line' id='line_1_26' title="bbox 106 2719 865 2807; baseline 0.007 -21"><span class='ocrx_word' id='word_1_164' title='bbox 106 2719 211 2807; x_wconf 77' lang='lat' dir='ltr'><strong>legent</strong></span> <span class='ocrx_word' id='word_1_165' title='bbox 231 2721 308 2788; x_wconf 81' lang='lat' dir='ltr'><strong>dari.</strong></span> <span class='ocrx_word' id='word_1_166' title='bbox 862 2773 865 2782; x_wconf 79' lang='lat'><em>‚</em></span> 
     </span>
    </p>

    <p class='ocr_par' dir='ltr' id='par_1_6' title="bbox 103 2805 1027 3246">
     <span class='ocr_line' id='line_1_27' title="bbox 172 2805 1027 2894; baseline -0.005 -18"><span class='ocrx_word' id='word_1_167' title='bbox 172 2810 259 2891; x_wconf 84' lang='lat' dir='ltr'><strong>ltent,</strong></span> <span class='ocrx_word' id='word_1_168' title='bbox 292 2810 370 2877; x_wconf 86' lang='lat' dir='ltr'><strong>Cutn</strong></span> <span class='ocrx_word' id='word_1_169' title='bbox 394 2810 443 2876; x_wconf 84' lang='lat' dir='ltr'><strong>lex</strong></span> <span class='ocrx_word' id='word_1_170' title='bbox 466 2808 543 2876; x_wconf 87' lang='lat' dir='ltr'><strong>nihil</strong></span> <span class='ocrx_word' id='word_1_171' title='bbox 564 2807 648 2873; x_wconf 88' lang='lat' dir='ltr'><strong>aliud</strong></span> <span class='ocrx_word' id='word_1_172' title='bbox 668 2806 708 2872; x_wconf 86' lang='lat' dir='ltr'><strong>sit</strong></span> <span class='ocrx_word' id='word_1_173' title='bbox 743 2827 837 2894; x_wconf 84' lang='lat' dir='ltr'><strong>quarn</strong></span> <span class='ocrx_word' id='word_1_174' title='bbox 872 2805 1027 2893; x_wconf 86' lang='lat' dir='ltr'><strong>quaedem</strong></span> 
     </span>
     <span class='ocr_line' id='line_1_28' title="bbox 103 2894 1027 2986; baseline -0.002 -24"><span class='ocrx_word' id='word_1_175' title='bbox 103 2897 185 2966; x_wconf 87' lang='lat' dir='ltr'><strong>ratio</strong></span> <span class='ocrx_word' id='word_1_176' title='bbox 208 2913 239 2966; x_wconf 92' lang='lat' dir='ltr'><strong>et</strong></span> <span class='ocrx_word' id='word_1_177' title='bbox 261 2901 368 2986; x_wconf 77' lang='lat' dir='ltr'><strong>regula</strong></span> <span class='ocrx_word' id='word_1_178' title='bbox 392 2898 552 2986; x_wconf 86' lang='lat' dir='ltr'><strong>operandi,</strong></span> <span class='ocrx_word' id='word_1_179' title='bbox 587 2896 646 2962; x_wconf 88' lang='lat' dir='ltr'><strong>illis</strong></span> <span class='ocrx_word' id='word_1_180' title='bbox 668 2895 770 2961; x_wconf 86' lang='lat' dir='ltr'><strong>solurn</strong></span> <span class='ocrx_word' id='word_1_181' title='bbox 793 2895 937 2960; x_wconf 77' lang='lat' dir='ltr'><strong>contenit</strong></span> <span class='ocrx_word' id='word_1_182' title='bbox 960 2894 1027 2960; x_wconf 87' lang='lat' dir='ltr'><strong>dari</strong></span> 
     </span>
     <span class='ocr_line' id='line_1_29' title="bbox 105 2983 1026 3076; baseline -0.004 -22"><span class='ocrx_word' id='word_1_183' title='bbox 105 2987 208 3072; x_wconf 77' lang='lat' dir='ltr'><strong>legem</strong></span> <span class='ocrx_word' id='word_1_184' title='bbox 246 2992 297 3076; x_wconf 88' lang='lat' dir='ltr'><strong>qui</strong></span> <span class='ocrx_word' id='word_1_185' title='bbox 331 2990 378 3054; x_wconf 87' lang='lat' dir='ltr'><strong>sui</strong></span> <span class='ocrx_word' id='word_1_186' title='bbox 416 2989 518 3074; x_wconf 86' lang='lat' dir='ltr'><strong>operis</strong></span> <span class='ocrx_word' id='word_1_187' title='bbox 555 2988 708 3051; x_wconf 86' lang='lat' dir='ltr'><strong>rationem</strong></span> <span class='ocrx_word' id='word_1_188' title='bbox 734 2997 935 3069; x_wconf 79' lang='lat' dir='ltr'><strong>cognoscunt.</strong></span> <span class='ocrx_word' id='word_1_189' title='bbox 960 2983 1026 3050; x_wconf 87' lang='lat' dir='ltr'><strong>lloo</strong></span> 
     </span>
     <span class='ocr_line' id='line_1_30' title="bbox 103 3072 1026 3157; baseline -0.004 -17"><span class='ocrx_word' id='word_1_190' title='bbox 103 3089 209 3143; x_wconf 87' lang='lat' dir='ltr'><strong>autern</strong></span> <span class='ocrx_word' id='word_1_191' title='bbox 233 3077 374 3144; x_wconf 81' lang='lat' dir='ltr'><strong>contenit</strong></span> <span class='ocrx_word' id='word_1_192' title='bbox 397 3077 497 3144; x_wconf 82' lang='lat' dir='ltr'><strong>solunt</strong></span> <span class='ocrx_word' id='word_1_193' title='bbox 522 3075 662 3140; x_wconf 87' lang='lat' dir='ltr'><strong>rationali</strong></span> <span class='ocrx_word' id='word_1_194' title='bbox 685 3088 854 3139; x_wconf 83' lang='lat' dir='ltr'><strong>creaturae.</strong></span> <span class='ocrx_word' id='word_1_195' title='bbox 878 3072 941 3138; x_wconf 87' lang='lat' dir='ltr'><strong>Soli</strong></span> <span class='ocrx_word' id='word_1_196' title='bbox 966 3073 1026 3157; x_wconf 79' lang='lat' dir='ltr'><strong>igi-</strong></span> 
     </span>
     <span class='ocr_line' id='line_1_31' title="bbox 103 3161 1017 3246; baseline -0.008 -13"><span class='ocrx_word' id='word_1_197' title='bbox 103 3179 155 3233; x_wconf 83' lang='lat' dir='ltr'><strong>tut·</strong></span> <span class='ocrx_word' id='word_1_198' title='bbox 176 3165 317 3233; x_wconf 83' lang='lat' dir='ltr'><strong>rationali</strong></span> <span class='ocrx_word' id='word_1_199' title='bbox 341 3180 499 3232; x_wconf 77' lang='lat' dir='ltr'><strong>creaturae</strong></span> <span class='ocrx_word' id='word_1_200' title='bbox 521 3164 578 3230; x_wconf 87' lang='lat' dir='ltr'><strong>luit</strong></span> <span class='ocrx_word' id='word_1_201' title='bbox 600 3163 795 3230; x_wconf 83' lang='lat' dir='ltr'><strong>conueniens.</strong></span> <span class='ocrx_word' id='word_1_202' title='bbox 809 3162 875 3227; x_wconf 89' lang='lat' dir='ltr'><strong>dari</strong></span> <span class='ocrx_word' id='word_1_203' title='bbox 905 3161 1017 3246; x_wconf 75' lang='lat' dir='ltr'><strong>legent.</strong></span> 
     </span>
    </p>

    <p class='ocr_par' dir='ltr' id='par_1_7' title="bbox 103 3249 1026 3611">
     <span class='ocr_line' id='line_1_32' title="bbox 172 3249 1026 3338; baseline -0.004 -19"><span class='ocrx_word' id='word_1_204' title='bbox 172 3253 347 3333; x_wconf 86' lang='lat' dir='ltr'><strong>Praeterea,</strong></span> <span class='ocrx_word' id='word_1_205' title='bbox 380 3253 442 3320; x_wconf 92' lang='lat' dir='ltr'><strong>lllis</strong></span> <span class='ocrx_word' id='word_1_206' title='bbox 480 3253 581 3318; x_wconf 91' lang='lat' dir='ltr'><strong>danda</strong></span> <span class='ocrx_word' id='word_1_207' title='bbox 620 3265 666 3317; x_wconf 87' lang='lat' dir='ltr'><strong>est</strong></span> <span class='ocrx_word' id='word_1_208' title='bbox 703 3251 751 3316; x_wconf 84' lang='lat' dir='ltr'><strong>let</strong></span> <span class='ocrx_word' id='word_1_209' title='bbox 787 3251 817 3316; x_wconf 89' lang='lat' dir='ltr'><strong>in</strong></span> <span class='ocrx_word' id='word_1_210' title='bbox 845 3249 957 3338; x_wconf 89' lang='lat' dir='ltr'><strong>quibus</strong></span> <span class='ocrx_word' id='word_1_211' title='bbox 980 3263 1026 3316; x_wconf 87' lang='lat' dir='ltr'><strong>est</strong></span> 
     </span>
     <span class='ocr_line' id='line_1_33' title="bbox 103 3339 1024 3430; baseline -0.005 -22"><span class='ocrx_word' id='word_1_212' title='bbox 103 3361 199 3430; x_wconf 77' lang='lat' dir='ltr'><strong>agere</strong></span> <span class='ocrx_word' id='word_1_213' title='bbox 220 3358 251 3410; x_wconf 88' lang='lat' dir='ltr'><strong>et</strong></span> <span class='ocrx_word' id='word_1_214' title='bbox 274 3363 338 3410; x_wconf 90' lang='lat' dir='ltr'><strong>non</strong></span> <span class='ocrx_word' id='word_1_215' title='bbox 359 3361 463 3429; x_wconf 77' lang='lat' dir='ltr'><strong>agere.</strong></span> <span class='ocrx_word' id='word_1_216' title='bbox 487 3341 551 3408; x_wconf 87' lang='lat' dir='ltr'><strong>lloo</strong></span> <span class='ocrx_word' id='word_1_217' title='bbox 573 3355 677 3406; x_wconf 84' lang='lat' dir='ltr'><strong>autern</strong></span> <span class='ocrx_word' id='word_1_218' title='bbox 700 3339 845 3406; x_wconf 81' lang='lat' dir='ltr'><strong>convenit</strong></span> <span class='ocrx_word' id='word_1_219' title='bbox 878 3339 936 3404; x_wconf 91' lang='lat' dir='ltr'><strong>soli</strong></span> <span class='ocrx_word' id='word_1_220' title='bbox 974 3357 1024 3404; x_wconf 89' lang='lat' dir='ltr'><strong>ra·</strong></span> 
     </span>
     <span class='ocr_line' id='line_1_34' title="bbox 104 3429 1024 3517; baseline -0.007 -17"><span class='ocrx_word' id='word_1_221' title='bbox 104 3432 210 3502; x_wconf 86' lang='lat' dir='ltr'><strong>tiunali</strong></span> <span class='ocrx_word' id='word_1_222' title='bbox 233 3445 402 3499; x_wconf 83' lang='lat' dir='ltr'><strong>creaturae.</strong></span> <span class='ocrx_word' id='word_1_223' title='bbox 424 3431 505 3498; x_wconf 85' lang='lat' dir='ltr'><strong>Sola</strong></span> <span class='ocrx_word' id='word_1_224' title='bbox 518 3431 611 3517; x_wconf 74' lang='lat' dir='ltr'><strong>igitur</strong></span> <span class='ocrx_word' id='word_1_225' title='bbox 632 3429 789 3496; x_wconf 83' lang='lat' dir='ltr'><strong>rationalis</strong></span> <span class='ocrx_word' id='word_1_226' title='bbox 812 3441 953 3496; x_wconf 79' lang='lat' dir='ltr'><strong>ereatura</strong></span> <span class='ocrx_word' id='word_1_227' title='bbox 977 3440 1024 3496; x_wconf 78' lang='lat' dir='ltr'><strong>est</strong></span> 
     </span>
     <span class='ocr_line' id='line_1_35' title="bbox 103 3521 1022 3611; baseline -0.007 -21"><span class='ocrx_word' id='word_1_228' title='bbox 103 3523 276 3611; x_wconf 78' lang='lat' dir='ltr'><strong>stuoeptira</strong></span> <span class='ocrx_word' id='word_1_229' title='bbox 301 3521 388 3606; x_wconf 78' lang='lat' dir='ltr'><strong>legis.</strong></span> <span class='ocrx_word' id='word_1_230' title='bbox 625 3569 629 3578; x_wconf 47' lang='lat'><em>1</em></span> <span class='ocrx_word' id='word_1_231' title='bbox 1018 3575 1022 3584; x_wconf 74' lang='grc'>,</span> 
     </span>
    </p>

    <p class='ocr_par' dir='ltr' id='par_1_8' title="bbox 195 3605 934 3678">
     <span class='ocr_line' id='line_1_36' title="bbox 195 3605 934 3678; baseline -0.008 0"><span class='ocrx_word' id='word_1_232' title='bbox 195 3611 228 3678; x_wconf 84' lang='lat' dir='ltr'><strong>S.</strong></span> <span class='ocrx_word' id='word_1_233' title='bbox 256 3611 310 3677; x_wconf 77' lang='lat' dir='ltr'><strong>Tlr.</strong></span> <span class='ocrx_word' id='word_1_234' title='bbox 336 3611 480 3678; x_wconf 79' lang='lat' dir='ltr'><strong>Summos</strong></span> <span class='ocrx_word' id='word_1_235' title='bbox 496 3609 576 3676; x_wconf 83' lang='lat' dir='ltr'><strong>Pltil.</strong></span> <span class='ocrx_word' id='word_1_236' title='bbox 601 3609 635 3677; x_wconf 86' lang='lat' dir='ltr'><strong>V.</strong></span> <span class='ocrx_word' id='word_1_237' title='bbox 657 3609 689 3678; x_wconf 68' lang='lat'><strong>2.</strong></span> <span class='ocrx_word' id='word_1_238' title='bbox 891 3605 934 3673; x_wconf 51' lang='grc' dir='ltr'><strong>ιδ</strong></span> 
     </span>
    </p>
   </div>
   <div class='ocr_carea' id='block_1_4' title="bbox 0 0 1262 3972">
    <p class='ocr_par' dir='ltr' id='par_1_9' title="bbox 0 0 1262 3972">
     <span class='ocr_line' id='line_1_37' title="bbox 0 0 1262 3972; baseline 0 6"><span class='ocrx_word' id='word_1_239' title='bbox 0 0 1262 3972; x_wconf 95' lang='lat' dir='ltr'><strong> </strong></span> 
     </span>
    </p>
   </div>
  </div>
 </body>
</html>
