2514 3972
235 211 302 282 568
528 233 585 280 aaa.
609 234 649 280 an.
673 233 736 280 aar.
760 234 827 280 exn.

234 316 340 370 autem
361 302 511 390 imagines
533 317 692 391 ponuntur
707 305 849 369 virtutem
872 302 1019 390 aliquam,
1043 325 1154 372 eonse-

233 393 286 480 qui
309 412 347 460 ex
369 393 551 482 corporibus
573 391 756 461 caelestibus
770 392 944 460 seeundum
958 414 1069 462 eorum
1086 416 1154 462 eor·

232 480 371 569 poralem
394 483 548 548 virtutem.
931 525 935 530 -

297 570 471 650 Praeterea,
494 568 688 637 Manifestum
713 582 759 636 est
775 568 861 656 quod
876 589 939 634 non
956 591 1154 658 consequun-

155 692 163 707 κ
230 671 280 725 tur
302 679 340 726 en
364 659 548 727 metestttus
571 658 754 746 corporibus
788 673 851 724 tam
891 659 1030 736 nobilem
1052 660 1154 748 perle-

229 749 365 816 otionem
387 751 465 816 sieut
489 763 534 816 est
558 751 660 814 anima
683 749 852 814 rationalis.
877 745 956 814 Sunt
978 769 1054 835 ergo
1072 749 1151 818 inira

228 836 362 922 gradum
385 837 540 923 dignitatis
562 837 724 924 cujuslibet
740 838 884 902 bominis.
909 836 978 904 Non
1001 840 1096 924 igitur
1111 841 1150 906 ab

229 926 358 994 bomine
381 927 512 1010 debetur
527 927 692 1012 eisaliquis
718 927 827 992 cultus.

230 1045 233 1054 ·
296 1015 414 1095 Adbuc,
437 1015 535 1083 Causa
558 1016 658 1104 potior
680 1028 726 1080 est
748 1015 867 1081 affeetu.
893 1014 1008 1082 llarum
1041 1029 1150 1084 autem

229 1102 401 1190 imaginum
424 1102 554 1172 ieotoros
575 1117 648 1170 sunt
670 1103 821 1170 homines.
845 1103 912 1170 Non
935 1103 1028 1190 igitur
1051 1107 1148 1172 bomo

229 1191 322 1260 debet
344 1195 388 1262 eis
411 1193 545 1281 aliquem
568 1195 696 1260 cultum.

295 1281 328 1348 Si
364 1298 468 1348 autem
502 1283 622 1349 dicatur
658 1280 742 1368 quod
780 1280 957 1367 hujusmodi
996 1283 1149 1369 imagines

227 1371 344 1438 babent
367 1372 502 1459 aliquam
527 1373 669 1438 virtutem
708 1383 761 1436 aut
794 1371 975 1456 dignitatem
1013 1392 1053 1440 ex
1088 1374 1149 1439 boe

226 1459 311 1547 quod
334 1461 377 1527 eis
401 1461 569 1527 adbaerent
596 1461 718 1546 aliquae
741 1458 915 1545 spirituales
944 1459 1149 1540 substantiae,

227 1551 287 1616 boo
309 1550 402 1616 etiam
416 1569 479 1614 non
491 1550 612 1629 sallinis,
629 1565 694 1614 tum
707 1547 782 1614 nulli
794 1548 944 1636 spirituali
955 1549 1147 1618 substantiae

225 1637 375 1705 debeatur
396 1639 502 1705 latriae
525 1639 624 1704 cultus
646 1639 704 1703 nisi
727 1637 784 1702 soli
806 1657 957 1704 summae.

226 1769 230 1778 ·
290 1727 464 1807 Praeterea,
487 1727 629 1794 nobiliori
651 1725 746 1794 modo
769 1726 872 1792 anima
905 1726 1063 1794 rationalis
1088 1728 1145 1793 ad·

225 1814 332 1884 haeret
354 1817 475 1904 corpori
500 1817 634 1882 bominis
657 1836 750 1902 quam
774 1815 875 1902 aliqua
890 1817 1057 1903 spiritualis
1068 1817 1144 1882 sub·
1242 1819 1243 1824 ’

223 1905 333 1972 stantia
355 1905 521 1972 adhaereat
544 1905 707 1993 praedietis
731 1906 927 1989 irnagiuibus;
959 1906 1063 1972 adboo
1087 1908 1144 1993 igi·

222 1999 274 2060 t'trr
295 1993 391 2060 bomo
413 2008 552 2060 remanet
574 1995 607 2059 in
629 1993 739 2080 majori
762 1993 910 2079 dignitate
932 2014 1027 2081 quam
1051 2016 1142 2083 prae·

222 2080 322 2148 dietae
345 2084 508 2168 imagines.
1028 2111 1053 2140 ·.

286 2171 405 2248 Adbuc,
428 2171 506 2240 Cam
531 2169 707 2257 hujusmodi
730 2171 881 2257 imagines
916 2172 1073 2240 interdum
1098 2177 1140 2242 ad

220 2259 339 2348 aliquos
361 2261 470 2330 atinias
492 2260 617 2331 effeetus
631 2263 716 2342 liant,
732 2259 930 2328 manifestum
942 2276 988 2328 est
1000 2262 1138 2349 quod,si

218 2368 274 2436 per
289 2349 405 2436 aliquas
417 2349 590 2438 spirituales
613 2352 800 2417 substantias
815 2349 941 2417 effeetus
957 2353 1138 2432 sortiantur,

219 2436 302 2524 quod
319 2437 389 2505 illae
411 2459 425 2504 s
449 2439 582 2509 irituales
606 2442 794 2506 substantiae
817 2439 877 2504 sint
900 2440 1035 2519 vitiosam
1052 2445 1138 2528 quod

218 2526 310 2593 etiam
334 2461 528 2595 mantdsmus
551 2529 700 2617 probatur
722 2549 777 2616 per
799 2529 860 2592 boo
882 2529 967 2614 quod
1004 2550 1137 2616 respon-

217 2615 355 2683 sionibus
378 2617 534 2706 deoipiunt
555 2633 586 2684 et
602 2617 704 2704 aliqua
720 2616 874 2684 eontraria
891 2618 992 2684 uirtuti
1006 2621 1138 2706 exigunt

216 2704 318 2772 asnis
338 2705 519 2786 cultoribus3
541 2709 638 2772 etsie
660 2721 733 2772 sunt
755 2707 845 2773 bouis
873 2707 1054 2774 bominibus
1089 2711 1136 2778 in·

216 2790 354 2862 seriores.
377 2795 446 2862 Non
469 2815 545 2882 ergo
568 2795 612 2860 eis
636 2794 769 2862 debetur
791 2796 899 2861 latriae
920 2796 1032 2864 eultus.

280 2882 473 2951 blanilestum
497 2898 544 2950 est
564 2903 640 2970 ergo
656 2905 693 2950 ex
710 2883 798 2951 dietis
814 2885 897 2970 quod
910 2885 1018 2952 latriae
1033 2885 1137 2954 oultus

213 2969 271 3036 soli
295 2973 348 3038 atui
371 2993 494 3040 summo
517 2973 584 3039 Deo
607 2973 747 3040 debetur.
762 2973 1005 3060 llinoestquod
1022 2973 1136 3040 dieitur

214 3059 276 3140 Qoi
296 3061 438 3128 itomolot
459 3063 523 3128 diis
544 3064 712 3141 occidatur,
730 3075 978 3151 praeterquam
1001 3064 1138 3130 Domitio

211 3148 282 3227 soli,
306 3149 410 3230 bron,
431 3151 486 3232 bb,
509 3151 563 3230 203
586 3165 627 3218 et:
649 3151 816 3218 Dominum
856 3151 954 3218 Deum
989 3163 1075 3218 tuom
1100 3153 1137 3218 ti·

209 3237 308 3304 mebia
331 3251 362 3305 et
381 3241 432 3304 illi
452 3241 513 3306 soli
534 3242 661 3322 seruies,
681 3240 829 3323 beaten,
853 3241 884 3320 6,
910 3241 962 3318 tm
975 3255 1006 3306 et
1021 3241 1137 3308 dieitur

209 3323 249 3391 de
286 3326 467 3395 Gentilibus:
492 3330 637 3404 Dieeotes
679 3331 761 3396 enim
797 3351 830 3397 se
865 3350 932 3396 esse
965 3332 1136 3415 sopientes,

209 3415 300 3480 stulti
319 3417 396 3502 faeti
417 3430 498 3497 satae
529 3431 559 3485 et
591 3429 789 3486 mutaverunt
821 3419 955 3507 portam
992 3422 1135 3486 inconst-

207 3503 327 3584 ptibitis
350 3506 409 3574 Dei
430 3508 720 3586 imsimilitudinem
741 3509 887 3598 inopinis
919 3509 1134 3600 corruptibilis
