2452 3970
350 249 411 310 'trnl
431 252 476 311 ru:
496 250 565 328 cnr}
587 265 663 311 uxvr.
923 243 986 310 l87

17 357 28 392 r
62 335 166 424 q'ui'in
192 333 331 400 exercitu
353 343 424 399 sunt
447 342 616 422 operantur
645 333 684 399 ad
714 333 873 399 victoriam
912 351 984 399 oau-

61 424 203 502 sandam‚
228 443 323 509 quam
347 439 474 498 causant
496 423 668 490 seeundum
704 421 788 508 quod
826 435 898 488 suut
930 423 989 489 sub

17 536 27 574 t·
61 513 261 579 ordinatione
272 512 370 591 ducis,
386 512 473 598 eujus
487 512 770 600 proprius-effeetus
783 511 909 576 viatoria
932 525 988 577 est.

17 625 21 662 t
61 601 234 668 Ostensnm
258 594 429 667 astantem
453 603 490 687 (l.
531 604 561 680 l,
590 623 616 668 o.
642 602 697 692 15)
732 599 816 686 quod
853 599 988 686 primunr

17 714 24 752 e·
60 711 156 776 agens
180 703 231 756 ost
253 691 348 756 Deus.
372 690 450 757 Cum
464 689 566 776 'igitur
589 689 893 756 essesitoommnnis
915 688 989 753 elie-

17 804 19 842 t
59 795 126 846 otus
166 779 313 844 omnium
356 781 513 865 agentium
537 783 624 851 lnam
660 799 753 845 omne
790 797 885 863 agens
919 776 990 844 iacit

17 891 24 930 z
59 889 127 934 esse
151 870 255 952 netu),
279 882 405 955 oportet
428 869 521 956 quod·
536 869 621 936 buna
643 869 785 934 ellectum
809 866 991 954 protlneant,

18 981 23 992 t
59 959 89 1022 in
114 971 271 1043 quantum
294 957 478 1023 ordinantur
502 959 560 1024 sub
583 958 684 1046 primo
707 968 818 1043 agente
841 968 871 1022 et
895 971 991 1042 agunt

17 1079 21 1108 ι
59 1049 89 1110 in
113 1047 234 1111 virtute
255 1045 362 1132 ipsius.

17 1159 21 1198 r
126 1135 220 1213 bem,
254 1135 287 1199 ln
324 1133 468 1201 omnibus
502 1135 601 1202 causis
636 1135 797 1220 agentibus
831 1133 991 1210 ordinatis,

17 1249 20 1286 1·
59 1224 145 1309 quod
169 1239 220 1290 est
244 1223 387 1289 ultimum
411 1224 441 1288 in
481 1226 690 1310 generatione,
716 1237 746 1288 et
784 1223 920 1311 primunr
959 1223 991 1288 in

17 1336 21 1376 r
58 1313 238 1377 intentione
261 1325 308 1378 est
331 1313 475 1400 proprius
499 1315 624 1388 effeetus
649 1314 740 1400 primi
757 1313 889 1397 agentis,
912 1311 990 1377 sieut

17 1427 19 1466 ε
58 1399 160 1467 lorma
183 1401 310 1480 domus,
333 1420 413 1488 qnae
436 1415 482 1468 est
504 1405 647 1489 proprius
670 1403 796 1468 effeetus
813 1401 988 1466 aedificato-

17 1529 20 1540 ,
62 1489 117 1568 ris,
153 1490 311 1577 posterius
336 1492 477 1575 prouenit
501 1513 593 1578 quarn
621 1491 815 1578 praeparatio
838 1490 990 1554 caementi

17 1619 19 1628 ,
61 1593 92 1642 et
114 1579 259 1665 lapidum
283 1592 313 1644 et
335 1579 503 1662 lignorum,
524 1601 604 1664 qnae
627 1579 705 1664 liunt
721 1580 772 1665 (l)
788 1597 844 1664 pet·
859 1578 991 1662 artifices

17 1709 18 1714 κ
60 1665 227 1733 inferiores
251 1669 302 1753 qui
325 1667 456 1734 subsunt
479 1668 676 1734 aedificatori.
706 1659 739 1732 ln
763 1667 848 1732 omni
886 1679 990 1731 autern

62 1757 198 1835 actione,
221 1775 289 1822 esse
313 1757 344 1820 io
368 1769 437 1822 autu
460 1771 507 1822 est
529 1757 738 1844 principaliter
761 1757 924 1833 intentum,
962 1767 991 1820 et

60 1843 210 1910 ultimum
234 1845 265 1909 in
296 1847 505 1929 generatione3
540 1865 623 1925 tram,
640 1849 685 1910 'eo
701 1845 825 1917 babitu,
863 1845 992 1930 quiescit

63 1935 186 2017 agentis
225 1934 304 1998 aetio
340 1947 370 1999 et
403 1948 505 2003 motus
528 1933 679 2022 patientis.
722 1935 772 2001 Est
808 1932 901 2019 igitur
924 1933 1009 1998 esse

61 2023 210 2109 proprius
232 2021 358 2088 effeetus
381 2025 471 2108 primi
486 2025 615 2108 agentis,
625 2024 742 2090 scilieet
760 2023 828 2100 nea
845 2036 874 2088 et
890 2023 993 2087 omnia

63 2128 145 2195 qnae
171 2111 248 2176 dant
270 2129 338 2177 esse
361 2110 420 2178 hoe
444 2112 570 2192 hubent,
594 2113 626 2178 in
641 2126 806 2200 quantum
845 2123 940 2197 agunt
962 2112 993 2180 in

63 2199 178 2265 uirtute
201 2199 268 2264 Dei.

133 2289 286 2374 Amplius,
319 2286 467 2354 Ultimum
503 2289 536 2354 iu
560 2289 695 2356 bonitate
714 2303 760 2354 et
795 2286 996 2376 perfectione,

67 2376 148 2444 inter
170 2398 207 2442 ea
230 2379 262 2442 in
285 2397 365 2464 qnae
388 2389 488 2464 potest
510 2399 604 2464 agens
621 2378 813 2453 seeundum,
848 2390 895 2442 est
917 2376 993 2442 illud

67 2464 100 2529 in
124 2465 210 2554 quod
235 2480 334 2554 potest
357 2485 394 2531 ex
416 2467 526 2533 uirtute
550 2467 668 2554 agentis
692 2468 795 2554 primi3
811 2485 884 2531 narn
908 2485 995 2531 oom-

69 2553 265 2638 plementum
288 2555 407 2620 uirtutis
428 2558 547 2641 ‘agentis
571 2556 699 2622 sectandi
723 2555 770 2622 'est
807 2575 844 2620 ex
884 2555 994 2619 virtute

68 2646 189 2727 agentis
212 2644 312 2726 prirni.
337 2642 428 2726 Quod
451 2657 554 2713 autem
578 2658 623 2710 est
647 2647 677 2710 in
702 2643 846 2710 omnibus
877 2645 995 2728 agenti·

69 2731 127 2796 bus
151 2732 419 2820 perfectissimum,
438 2739 574 2812 estesse
597 2733 752 2820 quaelibet
775 2733 858 2797 eninr
883 2745 993 2798 natura

69 2821 119 2886 vel
144 2821 243 2887 lorma
268 2822 434 2908 perlinitur
447 2841 501 2907 per
525 2822 690 2910 hounnod
715 2833 847 2910 estaetu
864 2833 893 2885 et
909 2841 995 2886 oom-

69 2925 195 2994 paratnr
216 2910 256 2974 ad
280 2929 347 2975 esse
371 2909 402 2974 in
433 2922 516 2996 aottp
538 2911 629 2993 s‘iont¹
648 2911 783 2997 potentia
807 2904 859 2974 'ad
894 2923 997 2974 autum

70 2999 183 3098 ipsunt.
207 2999 303 3084 lgitur
325 3017 396 3064 esse
420 3000 572 3086 estquod
598 3000 720 3086 agentia
742 2996 878 3064 'secunda
902 3012 999 3082 agunt

70 3107 101 3150 rn
122 3089 234 3153 virtute
258 3087 352 3172 prirni
375 3089 504 3171 agentis.
562 3151 566 3158 .

136 3177 223 3254 ltem,
246 3175 424 3242 Secundum
453 3173 617 3242 ordinem
638 3195 801 3266 causarum
839 3187 883 3239 est
922 3173 999 3239 ordo

73 3263 248 3331 elieotnurn.
272 3264 411 3330 Primum
436 3273 540 3330 autem
558 3263 750 3330 inomnibus
774 3263 931 3328 effectibus
954 3278 1001 3328 est

74 3372 151 3431 esse;
174 3375 246 3418 nam
271 3354 375 3418 omnia
397 3352 458 3417 ‘alin
475 3367 546 3418 sunt
577 3346 854 3417 determinationes
892 3351 999 3438 ipsius.

75 3438 168 3526 lgitur
190 3439 326 3507 esseest
348 3443 490 3529 proprius
528 3442 669 3508 effeetus
686 3440 778 3527 primi
819 3436 947 3525 agentis,
970 3456 1001 3508 et

128 3546 166 3616 tl)
181 3545 253 3614 Quos
270 3546 365 3618 fiunt...
383 3548 401 3604 i.
420 3563 445 3602 e.
463 3563 531 3618 quae
549 3540 762 3620 praeparationes
779 3543 884 3603 fluuit..
928 3545 933 3557 '
