2494 3970
203 234 247 298 dd
529 254 586 298 uio.
610 253 650 296 ιιι.
675 253 739 298 ιιι.
764 253 803 298 ιι.

203 342 273 388 mae
295 320 486 387 differentiae
509 323 570 402 sint
593 321 710 388 bonum
735 335 766 388 et
788 320 915 388 rnalum
941 320 1036 388 Unius
1067 340 1124 386 au-

203 427 266 476 tem
290 411 413 495 generis
436 425 556 498 oportet
568 431 636 476 esse
660 431 754 476 unam
778 430 956 478 mensuram
979 411 1124 514 primam

201 499 364 566 Moralium
386 513 491 566 autern
515 520 660 565 mensura
684 517 729 566 est
752 501 840 566 ratio.
863 497 992 585 Oportet
1029 499 1124 584 igitur

201 589 324 676 quoda
348 588 410 654 litte
433 589 558 654 rationis
582 589 722 656 dieantur
725 589 888 691 'aliqua
881 609 913 652 in
951 587 1121 654 moralibus

201 679 283 744 bona
307 679 355 744 vel
378 677 469 743 mala.
494 677 616 781 Quod
609 679 702 762 igitur
724 677 755 743 in
792 677 961 744 moralibus
994 677 1122 744 sortitur

200 768 336 855 speeiem
361 787 378 832 a
402 766 464 832 fine
487 768 539 854 qui
563 779 609 832 est
631 766 804 832 secundum
825 766 977 834 rationem
1009 765 1123 832 dieitur

198 855 369 924 seeundum
393 856 527 940 speeiem
550 876 639 921 suam
662 856 792 932 bonum;
807 854 890 957 quod
908 874 980 920 vero
996 853 1123 922 sortitur

198 947 334 1032 speeiem
358 967 375 1010 a
399 943 460 1011 line
484 947 638 1011 contrario
662 944 714 1010 lini
737 945 863 1010 rationis
886 943 1120 1010 diciturseoun·

198 1035 272 1100 dum
296 1036 432 1120 speeiem
455 1054 544 1101 suam
568 1033 695 1100 malurn.
719 1034 802 1100 Finis
825 1046 929 1099 autern
967 1032 1018 1098 ille
1055 1033 1119 1119 (l),

164 1189 172 1210 ‚
198 1126 253 1190 etsi
278 1123 364 1190 tollat
387 1123 480 1188 finem
506 1123 643 1201 rationis,
657 1137 703 1188 est
727 1136 831 1188 tamen
848 1120 974 1209 aliquod
987 1121 1118 1196 bonum,

197 1213 276 1278 siout
296 1211 480 1278 delectabile
502 1211 674 1278 seeundum
698 1231 825 1278 sensum
849 1210 897 1278 vel
920 1209 1035 1297 aliquid
1061 1211 1119 1276 hu·

194 1301 342 1386 jusmodi;
365 1301 449 1367 unde
473 1313 504 1366 et
526 1301 718 1388 inaliquibus
742 1299 927 1366 animalibus
943 1299 1120 1378 suntbona,

198 1404 228 1455 et
266 1391 386 1457 homini
420 1389 526 1468 etiam,
563 1410 634 1455 oum
675 1402 746 1456 sunt
769 1389 942 1456 seeundum
966 1393 1120 1456 rationem

197 1480 367 1558 moderata,
390 1491 420 1544 et
443 1478 592 1564 contingit
616 1478 646 1544 id
671 1477 754 1566 quod
778 1491 824 1544 est
847 1477 963 1546 malurn
982 1477 1034 1544 uni
1050 1497 1120 1544 esse

196 1569 313 1635 bonum
329 1569 426 1635 alteri.
452 1568 486 1634 Et
510 1568 580 1634 ideo
604 1588 661 1633 neo
685 1567 813 1648 malum,
837 1566 1011 1636 seeundum
1034 1567 1119 1654 qood

152 1675 154 1681 ·
195 1672 241 1724 est
265 1659 437 1726 differentia
460 1657 635 1760 spepifioa
628 1678 658 1721 m
683 1656 1118 1744 generemoralium,impor·

194 1761 237 1812 tat
260 1747 374 1834 aliquid
398 1746 482 1832 quod
505 1747 544 1811 sit
565 1745 738 1812 secundum
762 1746 927 1812 essentiam
950 1765 1038 1812 suam
1051 1765 1119 1812 rna·

194 1839 271 1913 lum,
311 1835 365 1902 sed
389 1833 504 1921 aliquid
528 1834 612 1920 quod
635 1833 807 1900 seeundum
830 1855 863 1900 se
902 1847 948 1902 ost
985 1834 1117 1914 honum,

193 1925 309 1990 malum
332 1937 436 1990 autem
460 1923 620 1998 hominis
613 1943 644 1988 m
668 1938 818 2010 quantum
839 1924 938 2010 privat
976 1924 1118 1990 ordinem

192 2015 329 2094 rationis,
352 2013 436 2098 quod
460 2025 506 2078 est
529 2013 663 2078 hominis
686 2013 814 2078 honum.

257 2103 300 2168 Ea
337 2123 399 2188 quo
438 2102 530 2166 etiarn
567 2114 650 2188 patet
688 2102 772 2206 quod
803 2099 921 2168 malurn
944 2115 975 2168 et
997 2102 1116 2169 bonum

191 2205 263 2258 sunt
285 2191 449 2267 contraria,
472 2190 643 2256 secundum
661 2190 768 2276 quod'
761 2211 792 2256 m
806 2211 922 2276 genere
950 2191 1115 2258 moralium

191 2281 403 2382 arripiuntur,
416 2300 479 2346 non
504 2293 607 2345 autem
644 2279 825 2368 simpliciter
863 2292 998 2368 accepta,
1036 2282 1115 2347 siout

190 2369 325 2435 secunda
348 2369 425 2434 ratio
449 2369 653 2455 proponebat;
691 2367 746 2434 sed
782 2368 898 2433 malum
923 2369 1053 2455 privatio
1069 2385 1116 2436 est

191 2458 307 2535 boni,
299 2480 331 2523 ιιι
354 2472 504 2560 quantum
528 2471 573 2522 est
596 2459 713 2522 malum
737 2457 799 2544 (d).

165 2545 169 2552 '
253 2547 369 2612 Eodem
393 2548 486 2613 otiam
510 2547 604 2612 modi
629 2560 728 2633 potest
750 2545 847 2632 aooipi
873 2545 1003 2627 dietum,
1026 2548 1112 2649 quod

99 2701 104 2709 x
188 2636 306 2702 malum
329 2651 359 2701 et
381 2637 510 2714 bonurn,
533 2650 625 2723 prout
648 2650 719 2702 sunt
742 2635 773 2700 in
789 2634 970 2714 moralibus,
993 2637 1112 2702 suntin

187 2746 302 2810 genere
325 2726 562 2802 contrariorum
585 2745 622 2790 ex
645 2744 707 2810 quo
731 2726 819 2789 tertio
848 2724 925 2788 ratio
963 2725 1112 2811 proaede-

187 2817 248 2884 bat.
272 2812 422 2882 Omnium
445 2815 529 2880 enim
553 2814 781 2879 contrariorum
806 2813 970 2878 moralium
994 2813 1043 2878 vel
1078 2835 1114 2880 u-

188 2919 332 2990 trumque
355 2917 401 2970 est
425 2903 554 2981 malum,
577 2903 655 2968 siout
679 2902 877 2990 prodigalitas
901 2914 931 2966 et
954 2901 1112 2967 illiberali·

186 3010 240 3070 tas,
260 2993 308 3058 vel
331 3013 429 3058 unum
453 2993 570 3058 honum
594 3005 624 3056 et
647 2992 778 3057 alterum
792 2990 919 3069 malum,
933 2990 1012 3056 siout
1029 2990 1106 3056 libe-

184 3084 287 3148 ralitas
301 3081 533 3148 etilliberalitas.
546 3081 594 3147 Est
603 3080 696 3166 igitur
712 3081 827 3146 malum
842 3079 1000 3145 moraleet
1012 3099 1111 3164 genus

185 3171 408 3250 etdillerontia3
432 3191 496 3236 non
518 3172 689 3236 seeundum
713 3169 796 3256 quod
819 3181 866 3234 est
882 3169 1011 3256 privatio
1035 3168 1110 3234 boni

239 3327 278 3396 ‘tt
292 3327 367 3382 Finis
384 3333 473 3382 outoni
491 3326 574 3394 illes
566 3343 584 3380 ι.
602 3341 624 3378 e.
644 3325 703 3378 finis
722 3325 791 3378 mali.

237 3363 276 3467 ld)
295 3397 399 3452 Malum
414 3400 531 3467 privatio
558 3403 597 3449 ert
623 3399 690 3462 doni,
721 3399 749 3448 r'o
776 3401 904 3463 quantam
932 3401 969 3446 ert
994 3397 1108 3460 malum,

182 3487 237 3523 non
256 3473 370 3524 autem'
363 3487 391 3523 ιιι
409 3477 537 3538 quantum
558 3473 599 3520 est
618 3434 728 3551 bontr’m3
747 3483 808 3520 nam
826 3481 907 3534 supra
937 3465 963 3518 S.
995 3466 1110 3522 Thomas

184 3541 299 3596 ostendit
318 3543 470 3610 contingere
489 3541 586 3593 malum
605 3540 651 3590 uni
671 3538 844 3592 essebonum
867 3537 950 3590 alteri.
