<?xml version="1.0" encoding="UTF-8"?>
<!DOCTYPE html PUBLIC "-//W3C//DTD XHTML 1.0 Transitional//EN"
    "http://www.w3.org/TR/xhtml1/DTD/xhtml1-transitional.dtd">
<html xmlns="http://www.w3.org/1999/xhtml" xml:lang="en" lang="en">
 <head>
  <title>
</title>
<meta http-equiv="Content-Type" content="text/html;charset=utf-8" />
  <meta name='ocr-system' content='tesseract 3.04.00' />
  <meta name='ocr-capabilities' content='ocr_page ocr_carea ocr_par ocr_line ocrx_word'/>
</head>
<body>
  <div class='ocr_page' id='page_1' title='image "./sanctithomaeaqu00thomgoog_0423.png"; bbox 0 0 2516 3968; ppageno 0'>
   <div class='ocr_carea' id='block_1_1' title="bbox 111 239 1247 3506">
    <p class='ocr_par' dir='ltr' id='par_1_1' title="bbox 227 239 918 308">
     <span class='ocr_line' id='line_1_1' title="bbox 227 239 918 308; baseline 0 -4"><span class='ocrx_word' id='word_1_1' title='bbox 227 239 294 304; x_wconf 75' lang='lat' dir='ltr'><strong>iiii</strong></span> <span class='ocrx_word' id='word_1_2' title='bbox 502 260 558 308; x_wconf 84' lang='grc' dir='ltr'><strong>ιιι.</strong></span> <span class='ocrx_word' id='word_1_3' title='bbox 588 259 629 306; x_wconf 88' lang='grc' dir='ltr'><strong>ιιι.</strong></span> <span class='ocrx_word' id='word_1_4' title='bbox 658 259 722 306; x_wconf 82' lang='grc' dir='ltr'><strong>ιιι.</strong></span> <span class='ocrx_word' id='word_1_5' title='bbox 749 258 866 306; x_wconf 76' lang='lat' dir='ltr'><strong>cuturn.</strong></span> <span class='ocrx_word' id='word_1_6' title='bbox 914 257 918 264; x_wconf 76' lang='grc'>’</span> 
     </span>
    </p>

    <p class='ocr_par' dir='ltr' id='par_1_2' title="bbox 159 325 1247 682">
     <span class='ocr_line' id='line_1_2' title="bbox 159 325 1247 414; baseline 0 -20"><span class='ocrx_word' id='word_1_7' title='bbox 159 365 162 372; x_wconf 86' lang='grc'><em>·</em></span> <span class='ocrx_word' id='word_1_8' title='bbox 226 327 367 394; x_wconf 85' lang='lat' dir='ltr'><strong>membru</strong></span> <span class='ocrx_word' id='word_1_9' title='bbox 389 327 431 394; x_wconf 80' lang='lat' dir='ltr'><strong>nd¹</strong></span> <span class='ocrx_word' id='word_1_10' title='bbox 451 330 682 414; x_wconf 71' lang='lat' dir='ltr'><strong>generationem</strong></span> <span class='ocrx_word' id='word_1_11' title='bbox 705 349 723 394; x_wconf 88' lang='lat' dir='ltr'><strong>e</strong></span> <span class='ocrx_word' id='word_1_12' title='bbox 747 342 787 406; x_wconf 84' lang='lat' dir='ltr'><strong>ta,</strong></span> <span class='ocrx_word' id='word_1_13' title='bbox 817 341 847 394; x_wconf 87' lang='lat' dir='ltr'><strong>et</strong></span> <span class='ocrx_word' id='word_1_14' title='bbox 869 326 962 394; x_wconf 89' lang='lat' dir='ltr'><strong>etiam</strong></span> <span class='ocrx_word' id='word_1_15' title='bbox 986 325 1031 394; x_wconf 86' lang='lat' dir='ltr'><strong>vis</strong></span> <span class='ocrx_word' id='word_1_16' title='bbox 1068 345 1143 396; x_wconf 89' lang='lat' dir='ltr'><strong>cun·</strong></span> <span class='ocrx_word' id='word_1_17' title='bbox 1246 349 1247 386; x_wconf 80' lang='lat' dir='ltr'><strong>t</strong></span> 
     </span>
     <span class='ocr_line' id='line_1_3' title="bbox 224 348 1146 504; baseline -0.001 -21"><span class='ocrx_word' id='word_1_18' title='bbox 224 416 420 504; x_wconf 85' lang='lat' dir='ltr'><strong>cupiscibiiis.</strong></span> <span class='ocrx_word' id='word_1_19' title='bbox 434 419 573 494; x_wconf 81' lang='lat' dir='ltr'><strong>incitans,</strong></span> <span class='ocrx_word' id='word_1_20' title='bbox 596 431 626 483; x_wconf 89' lang='lat' dir='ltr'><strong>et</strong></span> <span class='ocrx_word' id='word_1_21' title='bbox 646 348 910 501; x_wconf 29' lang='lat' dir='ltr'><strong>charississmodi</strong></span> <span class='ocrx_word' id='word_1_22' title='bbox 927 415 967 486; x_wconf 83' lang='lat' dir='ltr'><strong>ed</strong></span> <span class='ocrx_word' id='word_1_23' title='bbox 1000 416 1060 484; x_wconf 87' lang='lat' dir='ltr'><strong>hoc</strong></span> <span class='ocrx_word' id='word_1_24' title='bbox 1095 435 1146 482; x_wconf 80' lang='lat' dir='ltr'><strong>or·</strong></span> 
     </span>
     <span class='ocr_line' id='line_1_4' title="bbox 226 505 1145 591; baseline 0.002 -19"><span class='ocrx_word' id='word_1_25' title='bbox 226 507 338 572; x_wconf 83' lang='lat' dir='ltr'><strong>dicata.</strong></span> <span class='ocrx_word' id='word_1_26' title='bbox 362 505 489 576; x_wconf 85' lang='lat' dir='ltr'><strong>Videtur</strong></span> <span class='ocrx_word' id='word_1_27' title='bbox 513 507 605 591; x_wconf 75' lang='lat' dir='ltr'><strong>igitur</strong></span> <span class='ocrx_word' id='word_1_28' title='bbox 626 521 734 574; x_wconf 81' lang='lat' dir='ltr'><strong>conce</strong></span> <span class='ocrx_word' id='word_1_29' title='bbox 756 505 892 574; x_wconf 83' lang='lat' dir='ltr'><strong>divinam</strong></span> <span class='ocrx_word' id='word_1_30' title='bbox 915 505 1145 574; x_wconf 80' lang='lat' dir='ltr'><strong>cedinuu&#39;oncnt</strong></span> 
     </span>
     <span class='ocr_line' id='line_1_5' title="bbox 225 593 1100 682; baseline -0.001 -23"><span class='ocrx_word' id='word_1_31' title='bbox 225 613 320 680; x_wconf 68' lang='lat' dir='ltr'><strong>agere</strong></span> <span class='ocrx_word' id='word_1_32' title='bbox 343 595 396 682; x_wconf 93' lang='lat' dir='ltr'><strong>qui</strong></span> <span class='ocrx_word' id='word_1_33' title='bbox 419 595 549 660; x_wconf 88' lang='lat' dir='ltr'><strong>omnino</strong></span> <span class='ocrx_word' id='word_1_34' title='bbox 570 595 610 662; x_wconf 89' lang='lat' dir='ltr'><strong>ub</strong></span> <span class='ocrx_word' id='word_1_35' title='bbox 633 608 703 662; x_wconf 86' lang='lat' dir='ltr'><strong>ectu</strong></span> <span class='ocrx_word' id='word_1_36' title='bbox 726 593 934 680; x_wconf 77' lang='lat' dir='ltr'><strong>generationis</strong></span> <span class='ocrx_word' id='word_1_37' title='bbox 955 593 1100 662; x_wconf 85' lang='lat' dir='ltr'><strong>abstinet.</strong></span> 
     </span>
    </p>

    <p class='ocr_par' dir='ltr' id='par_1_3' title="bbox 111 681 1247 2100">
     <span class='ocr_line' id='line_1_6' title="bbox 292 681 1146 769; baseline -0.002 -21"><span class='ocrx_word' id='word_1_38' title='bbox 292 683 380 763; x_wconf 86' lang='lat' dir='ltr'><strong>item,</strong></span> <span class='ocrx_word' id='word_1_39' title='bbox 402 683 435 748; x_wconf 89' lang='lat' dir='ltr'><strong>st</strong></span> <span class='ocrx_word' id='word_1_40' title='bbox 458 683 575 750; x_wconf 85' lang='lat' dir='ltr'><strong>bouum</strong></span> <span class='ocrx_word' id='word_1_41' title='bbox 598 697 645 750; x_wconf 86' lang='lat' dir='ltr'><strong>est</strong></span> <span class='ocrx_word' id='word_1_42' title='bbox 667 683 755 769; x_wconf 48' lang='lat' dir='ltr'><strong>quod,</strong></span> <span class='ocrx_word' id='word_1_43' title='bbox 774 703 854 751; x_wconf 88' lang='lat' dir='ltr'><strong>uuus</strong></span> <span class='ocrx_word' id='word_1_44' title='bbox 875 681 1043 760; x_wconf 74' lang='lat' dir='ltr'><strong>contineo,</strong></span> <span class='ocrx_word' id='word_1_45' title='bbox 1076 699 1146 748; x_wconf 86' lang='lat' dir='ltr'><strong>me·</strong></span> 
     </span>
     <span class='ocr_line' id='line_1_7' title="bbox 225 768 1146 858; baseline 0 -20"><span class='ocrx_word' id='word_1_46' title='bbox 225 772 284 838; x_wconf 86' lang='lat' dir='ltr'><strong>iius</strong></span> <span class='ocrx_word' id='word_1_47' title='bbox 308 771 452 858; x_wconf 76' lang='lat' dir='ltr'><strong>estquod</strong></span> <span class='ocrx_word' id='word_1_48' title='bbox 475 772 578 852; x_wconf 83' lang='lat' dir='ltr'><strong>multi,</strong></span> <span class='ocrx_word' id='word_1_49' title='bbox 601 785 634 838; x_wconf 93' lang='lat' dir='ltr'><strong>et</strong></span> <span class='ocrx_word' id='word_1_50' title='bbox 655 773 808 858; x_wconf 88' lang='lat' dir='ltr'><strong>optimum</strong></span> <span class='ocrx_word' id='word_1_51' title='bbox 831 769 914 856; x_wconf 84' lang='lat' dir='ltr'><strong>qued</strong></span> <span class='ocrx_word' id='word_1_52' title='bbox 939 791 1058 843; x_wconf 78' lang='lat' dir='ltr'><strong>omnes,</strong></span> <span class='ocrx_word' id='word_1_53' title='bbox 1081 768 1146 838; x_wconf 82' lang='lat' dir='ltr'><strong>sec</strong></span> 
     </span>
     <span class='ocr_line' id='line_1_8' title="bbox 218 857 1247 948; baseline 0.001 -23"><span class='ocrx_word' id='word_1_54' title='bbox 218 881 263 926; x_wconf 84' lang='lat' dir='ltr'><strong>cx</strong></span> <span class='ocrx_word' id='word_1_55' title='bbox 285 861 348 927; x_wconf 84' lang='lat' dir='ltr'><strong>hoc</strong></span> <span class='ocrx_word' id='word_1_56' title='bbox 367 861 505 948; x_wconf 86' lang='lat' dir='ltr'><strong>sequitur</strong></span> <span class='ocrx_word' id='word_1_57' title='bbox 538 861 623 948; x_wconf 83' lang='lat' dir='ltr'><strong>quod</strong></span> <span class='ocrx_word' id='word_1_58' title='bbox 659 881 761 945; x_wconf 75' lang='lat' dir='ltr'><strong>genus</strong></span> <span class='ocrx_word' id='word_1_59' title='bbox 801 859 973 932; x_wconf 82' lang='lat' dir='ltr'><strong>bumeuum</strong></span> <span class='ocrx_word' id='word_1_60' title='bbox 1011 857 1145 928; x_wconf 83' lang='lat' dir='ltr'><strong>deficiet.</strong></span> <span class='ocrx_word' id='word_1_61' title='bbox 1246 863 1247 874; x_wconf 76' lang='grc'>’</span> 
     </span>
     <span class='ocr_line' id='line_1_9' title="bbox 224 947 1247 1052; baseline -0.001 -37"><span class='ocrx_word' id='word_1_62' title='bbox 224 949 408 1052; x_wconf 74' lang='lat' dir='ltr'><strong>Nenigitur</strong></span> <span class='ocrx_word' id='word_1_63' title='bbox 429 949 548 1016; x_wconf 89' lang='lat' dir='ltr'><strong>honum</strong></span> <span class='ocrx_word' id='word_1_64' title='bbox 585 963 631 1016; x_wconf 89' lang='lat' dir='ltr'><strong>est</strong></span> <span class='ocrx_word' id='word_1_65' title='bbox 654 949 742 1037; x_wconf 89' lang='lat' dir='ltr'><strong>quod</strong></span> <span class='ocrx_word' id='word_1_66' title='bbox 763 947 872 1035; x_wconf 77' lang='lat' dir='ltr'><strong>anquis</strong></span> <span class='ocrx_word' id='word_1_67' title='bbox 896 947 991 1018; x_wconf 84' lang='lat' dir='ltr'><strong>nono</strong></span> <span class='ocrx_word' id='word_1_68' title='bbox 1015 947 1126 1016; x_wconf 83' lang='lat' dir='ltr'><strong>omnin</strong></span> <span class='ocrx_word' id='word_1_69' title='bbox 1246 951 1247 964; x_wconf 61' lang='lat'>¹</span> 
     </span>
     <span class='ocr_line' id='line_1_10' title="bbox 225 1052 1123 1105; baseline -0.001 -1"><span class='ocrx_word' id='word_1_70' title='bbox 225 1052 388 1105; x_wconf 80' lang='lat' dir='ltr'><strong>contineat.</strong></span> <span class='ocrx_word' id='word_1_71' title='bbox 607 1073 614 1088; x_wconf 68' lang='grc'>»</span> <span class='ocrx_word' id='word_1_72' title='bbox 1121 1071 1123 1078; x_wconf 91' lang='grc'><strong><em>·</em></strong></span> 
     </span>
     <span class='ocr_line' id='line_1_11' title="bbox 291 1123 1222 1214; baseline 0 -22"><span class='ocrx_word' id='word_1_73' title='bbox 291 1127 440 1214; x_wconf 79' lang='lat' dir='ltr'><strong>Amplius,</strong></span> <span class='ocrx_word' id='word_1_74' title='bbox 464 1125 602 1205; x_wconf 82' lang='lat' dir='ltr'><strong>Cestius,</strong></span> <span class='ocrx_word' id='word_1_75' title='bbox 625 1127 705 1194; x_wconf 88' lang='lat' dir='ltr'><strong>sicut</strong></span> <span class='ocrx_word' id='word_1_76' title='bbox 728 1139 759 1192; x_wconf 88' lang='lat' dir='ltr'><strong>et</strong></span> <span class='ocrx_word' id='word_1_77' title='bbox 782 1125 860 1209; x_wconf 81' lang='lat' dir='ltr'><strong>aliae</strong></span> <span class='ocrx_word' id='word_1_78' title='bbox 883 1123 1147 1204; x_wconf 62' lang='lat' dir='ltr'><strong>virtutcmiume·</strong></span> <span class='ocrx_word' id='word_1_79' title='bbox 1214 1141 1222 1154; x_wconf 72' lang='lat'><strong><em>⁴</em></strong></span> 
     </span>
     <span class='ocr_line' id='line_1_12' title="bbox 225 1214 1146 1302; baseline 0 -22"><span class='ocrx_word' id='word_1_80' title='bbox 225 1215 277 1281; x_wconf 86' lang='lat' dir='ltr'><strong>dic</strong></span> <span class='ocrx_word' id='word_1_81' title='bbox 300 1217 431 1282; x_wconf 76' lang='lat' dir='ltr'><strong>conenit</strong></span> <span class='ocrx_word' id='word_1_82' title='bbox 455 1215 541 1282; x_wconf 85' lang='lat' dir='ltr'><strong>Sicut</strong></span> <span class='ocrx_word' id='word_1_83' title='bbox 564 1217 656 1302; x_wconf 69' lang='lat' dir='ltr'><strong>igitur</strong></span> <span class='ocrx_word' id='word_1_84' title='bbox 679 1227 786 1284; x_wconf 84' lang='lat' dir='ltr'><strong>eontra</strong></span> <span class='ocrx_word' id='word_1_85' title='bbox 813 1214 957 1284; x_wconf 77' lang='lat' dir='ltr'><strong>virtutem</strong></span> <span class='ocrx_word' id='word_1_86' title='bbox 994 1214 1058 1298; x_wconf 72' lang='lat' dir='ltr'><strong>agit</strong></span> <span class='ocrx_word' id='word_1_87' title='bbox 1091 1215 1146 1300; x_wconf 91' lang='lat' dir='ltr'><strong>qui</strong></span> 
     </span>
     <span class='ocr_line' id='line_1_13' title="bbox 225 1303 1145 1392; baseline 0 -22"><span class='ocrx_word' id='word_1_88' title='bbox 225 1303 359 1370; x_wconf 87' lang='lat' dir='ltr'><strong>omniuo.</strong></span> <span class='ocrx_word' id='word_1_89' title='bbox 376 1305 645 1392; x_wconf 81' lang='lat' dir='ltr'><strong>concupiscentias:</strong></span> <span class='ocrx_word' id='word_1_90' title='bbox 660 1304 833 1391; x_wconf 84' lang='lat' dir='ltr'><strong>insequitur</strong></span> <span class='ocrx_word' id='word_1_91' title='bbox 854 1316 885 1370; x_wconf 88' lang='lat' dir='ltr'><strong>et</strong></span> <span class='ocrx_word' id='word_1_92' title='bbox 922 1304 1145 1390; x_wconf 79' lang='lat' dir='ltr'><strong>intemperatus</strong></span> 
     </span>
     <span class='ocr_line' id='line_1_14' title="bbox 225 1391 1144 1480; baseline 0.002 -22"><span class='ocrx_word' id='word_1_93' title='bbox 225 1407 281 1466; x_wconf 90' lang='lat' dir='ltr'><strong>est,</strong></span> <span class='ocrx_word' id='word_1_94' title='bbox 306 1393 345 1457; x_wconf 86' lang='lat' dir='ltr'><strong>ite</strong></span> <span class='ocrx_word' id='word_1_95' title='bbox 368 1407 473 1459; x_wconf 84' lang='lat' dir='ltr'><strong>contro</strong></span> <span class='ocrx_word' id='word_1_96' title='bbox 497 1393 640 1458; x_wconf 84' lang='lat' dir='ltr'><strong>virtutem</strong></span> <span class='ocrx_word' id='word_1_97' title='bbox 662 1395 725 1478; x_wconf 84' lang='lat' dir='ltr'><strong>egit</strong></span> <span class='ocrx_word' id='word_1_98' title='bbox 748 1393 800 1480; x_wconf 93' lang='lat' dir='ltr'><strong>qui</strong></span> <span class='ocrx_word' id='word_1_99' title='bbox 817 1391 991 1462; x_wconf 74' lang='lat' dir='ltr'><strong>,omniunt</strong></span> <span class='ocrx_word' id='word_1_100' title='bbox 1024 1411 1144 1460; x_wconf 87' lang='lat' dir='ltr'><strong>concn-</strong></span> 
     </span>
     <span class='ocr_line' id='line_1_15' title="bbox 226 1481 1153 1569; baseline 0.004 -24"><span class='ocrx_word' id='word_1_101' title='bbox 226 1482 382 1568; x_wconf 76' lang='lat' dir='ltr'><strong>pisoeneiie</strong></span> <span class='ocrx_word' id='word_1_102' title='bbox 402 1483 534 1549; x_wconf 68' lang='lat' dir='ltr'><strong>omnum</strong></span> <span class='ocrx_word' id='word_1_103' title='bbox 555 1496 586 1547; x_wconf 89' lang='lat' dir='ltr'><strong>ct</strong></span> <span class='ocrx_word' id='word_1_104' title='bbox 609 1481 796 1550; x_wconf 83' lang='lat' dir='ltr'><strong>insensibilis</strong></span> <span class='ocrx_word' id='word_1_105' title='bbox 819 1495 876 1550; x_wconf 88' lang='lat' dir='ltr'><strong>cst.</strong></span> <span class='ocrx_word' id='word_1_106' title='bbox 1147 1561 1153 1569; x_wconf 30' lang='grc' dir='ltr'>Ι</span> 
     </span>
     <span class='ocr_line' id='line_1_16' title="bbox 290 1567 1144 1657; baseline 0.004 -22"><span class='ocrx_word' id='word_1_107' title='bbox 290 1567 624 1642; x_wconf 65' lang='lat' dir='ltr'><strong>praetereuntium</strong></span> <span class='ocrx_word' id='word_1_108' title='bbox 664 1570 811 1657; x_wconf 84' lang='lat' dir='ltr'><strong>possibile</strong></span> <span class='ocrx_word' id='word_1_109' title='bbox 833 1569 907 1656; x_wconf 90' lang='lat' dir='ltr'><strong>quin</strong></span> <span class='ocrx_word' id='word_1_110' title='bbox 946 1570 978 1638; x_wconf 90' lang='lat' dir='ltr'><strong>in</strong></span> <span class='ocrx_word' id='word_1_111' title='bbox 1012 1569 1144 1640; x_wconf 86' lang='lat' dir='ltr'><strong>homine</strong></span> 
     </span>
     <span class='ocr_line' id='line_1_17' title="bbox 111 1659 1247 1748; baseline -0.001 -23"><span class='ocrx_word' id='word_1_112' title='bbox 111 1679 115 1688; x_wconf 93' lang='lat'>·</span> <span class='ocrx_word' id='word_1_113' title='bbox 225 1659 491 1748; x_wconf 74' lang='lat' dir='ltr'><strong>concupiscentiae</strong></span> <span class='ocrx_word' id='word_1_114' title='bbox 522 1679 728 1728; x_wconf 84' lang='lat' dir='ltr'><strong>venerearum</strong></span> <span class='ocrx_word' id='word_1_115' title='bbox 751 1659 996 1743; x_wconf 65' lang='lat' dir='ltr'><strong>centumcentur</strong></span> <span class='ocrx_word' id='word_1_116' title='bbox 1015 1673 1145 1728; x_wconf 83' lang='lat' dir='ltr'><strong>uatum-</strong></span> <span class='ocrx_word' id='word_1_117' title='bbox 1246 1677 1247 1724; x_wconf 80' lang='lat' dir='ltr'><strong>t</strong></span> 
     </span>
     <span class='ocr_line' id='line_1_18' title="bbox 226 1746 1247 1836; baseline 0.002 -22"><span class='ocrx_word' id='word_1_118' title='bbox 226 1747 272 1814; x_wconf 84' lang='lat' dir='ltr'><strong>les</strong></span> <span class='ocrx_word' id='word_1_119' title='bbox 293 1751 364 1815; x_wconf 83' lang='lat' dir='ltr'><strong>siut.</strong></span> <span class='ocrx_word' id='word_1_120' title='bbox 398 1749 549 1814; x_wconf 79' lang='lat' dir='ltr'><strong>Resistere</strong></span> <span class='ocrx_word' id='word_1_121' title='bbox 582 1761 686 1818; x_wconf 85' lang='lat' dir='ltr'><strong>eutem</strong></span> <span class='ocrx_word' id='word_1_122' title='bbox 721 1747 850 1818; x_wconf 88' lang='lat' dir='ltr'><strong>omuino</strong></span> <span class='ocrx_word' id='word_1_123' title='bbox 886 1746 1144 1833; x_wconf 82' lang='lat' dir='ltr'><strong>concupiscentiis</strong></span> <span class='ocrx_word' id='word_1_124' title='bbox 1246 1777 1247 1836; x_wconf 42' lang='lat' dir='ltr'><strong>p</strong></span> 
     </span>
     <span class='ocr_line' id='line_1_19' title="bbox 225 1833 1247 1922; baseline 0.006 -21"><span class='ocrx_word' id='word_1_125' title='bbox 225 1851 256 1902; x_wconf 89' lang='lat' dir='ltr'><strong>et</strong></span> <span class='ocrx_word' id='word_1_126' title='bbox 279 1838 365 1922; x_wconf 86' lang='lat' dir='ltr'><strong>quasi</strong></span> <span class='ocrx_word' id='word_1_127' title='bbox 388 1837 567 1904; x_wconf 88' lang='lat' dir='ltr'><strong>continuam</strong></span> <span class='ocrx_word' id='word_1_128' title='bbox 589 1857 726 1922; x_wconf 77' lang='lat' dir='ltr'><strong>pugnem</strong></span> <span class='ocrx_word' id='word_1_129' title='bbox 760 1836 876 1906; x_wconf 80' lang='lat' dir='ltr'><strong>hebere</strong></span> <span class='ocrx_word' id='word_1_130' title='bbox 912 1833 1064 1921; x_wconf 86' lang='lat' dir='ltr'><strong>mejerem</strong></span> <span class='ocrx_word' id='word_1_131' title='bbox 1097 1838 1144 1907; x_wconf 90' lang='lat' dir='ltr'><strong>in·</strong></span> <span class='ocrx_word' id='word_1_132' title='bbox 1246 1867 1247 1878; x_wconf 31' lang='grc' dir='ltr'><strong>ι</strong></span> 
     </span>
     <span class='ocr_line' id='line_1_20' title="bbox 199 1924 1143 2012; baseline 0.002 -22"><span class='ocrx_word' id='word_1_133' title='bbox 199 1999 201 2002; x_wconf 46' lang='grc'><strong>,</strong></span> <span class='ocrx_word' id='word_1_134' title='bbox 226 1925 438 2012; x_wconf 89' lang='lat' dir='ltr'><strong>quietudinem</strong></span> <span class='ocrx_word' id='word_1_135' title='bbox 462 1925 566 1990; x_wconf 89' lang='lat' dir='ltr'><strong>animo</strong></span> <span class='ocrx_word' id='word_1_136' title='bbox 589 1927 693 1990; x_wconf 88' lang='lat' dir='ltr'><strong>tribuit</strong></span> <span class='ocrx_word' id='word_1_137' title='bbox 716 1945 810 2012; x_wconf 85' lang='lat' dir='ltr'><strong>quern</strong></span> <span class='ocrx_word' id='word_1_138' title='bbox 834 1925 861 1990; x_wconf 88' lang='lat' dir='ltr'><strong>si</strong></span> <span class='ocrx_word' id='word_1_139' title='bbox 885 1924 995 2012; x_wconf 87' lang='lat' dir='ltr'><strong>aliquis</strong></span> <span class='ocrx_word' id='word_1_140' title='bbox 1033 1925 1143 1992; x_wconf 88' lang='lat' dir='ltr'><strong>mode·</strong></span> 
     </span>
     <span class='ocr_line' id='line_1_21' title="bbox 225 2013 1143 2100; baseline 0.004 -22"><span class='ocrx_word' id='word_1_141' title='bbox 225 2026 291 2080; x_wconf 85' lang='lat' dir='ltr'><strong>rate</strong></span> <span class='ocrx_word' id='word_1_142' title='bbox 312 2013 567 2100; x_wconf 83' lang='lat' dir='ltr'><strong>concupiscentiis</strong></span> <span class='ocrx_word' id='word_1_143' title='bbox 590 2027 737 2084; x_wconf 78' lang='lat' dir='ltr'><strong>uteretur.</strong></span> <span class='ocrx_word' id='word_1_144' title='bbox 754 2013 832 2084; x_wconf 84' lang='lat' dir='ltr'><strong>Cum</strong></span> <span class='ocrx_word' id='word_1_145' title='bbox 850 2014 944 2100; x_wconf 73' lang='lat' dir='ltr'><strong>igitur</strong></span> <span class='ocrx_word' id='word_1_146' title='bbox 959 2013 1143 2100; x_wconf 86' lang='lat' dir='ltr'><strong>inquietudo</strong></span> 
     </span>
    </p>

    <p class='ocr_par' dir='ltr' id='par_1_4' title="bbox 161 2101 1247 2347">
     <span class='ocr_line' id='line_1_22' title="bbox 161 2101 1247 2189; baseline 0.003 -21"><span class='ocrx_word' id='word_1_147' title='bbox 161 2156 164 2160; x_wconf 94' lang='lat'>.</span> <span class='ocrx_word' id='word_1_148' title='bbox 225 2102 319 2168; x_wconf 86' lang='lat' dir='ltr'><strong>animi</strong></span> <span class='ocrx_word' id='word_1_149' title='bbox 343 2104 476 2172; x_wconf 83' lang='lat' dir='ltr'><strong>maxime</strong></span> <span class='ocrx_word' id='word_1_150' title='bbox 499 2101 678 2188; x_wconf 78' lang='lat' dir='ltr'><strong>pertentant</strong></span> <span class='ocrx_word' id='word_1_151' title='bbox 702 2103 823 2168; x_wconf 83' lang='lat' dir='ltr'><strong>virtutis</strong></span> <span class='ocrx_word' id='word_1_152' title='bbox 846 2117 1008 2189; x_wconf 72' lang='lat' dir='ltr'><strong>repugnet,</strong></span> <span class='ocrx_word' id='word_1_153' title='bbox 1021 2101 1143 2170; x_wconf 83' lang='lat' dir='ltr'><strong>videtur</strong></span> <span class='ocrx_word' id='word_1_154' title='bbox 1246 2153 1247 2160; x_wconf 28' lang='grc' dir='ltr'><strong>ι</strong></span> 
     </span>
     <span class='ocr_line' id='line_1_23' title="bbox 212 2190 1247 2280; baseline 0.011 -29"><span class='ocrx_word' id='word_1_155' title='bbox 212 2190 403 2278; x_wconf 68' lang='lat' dir='ltr'><strong>‚perfectioni</strong></span> <span class='ocrx_word' id='word_1_156' title='bbox 427 2191 544 2257; x_wconf 81' lang='lat' dir='ltr'><strong>virtutis</strong></span> <span class='ocrx_word' id='word_1_157' title='bbox 568 2191 724 2260; x_wconf 76' lang='lat' dir='ltr'><strong>adsensuri</strong></span> <span class='ocrx_word' id='word_1_158' title='bbox 742 2191 827 2279; x_wconf 81' lang='lat' dir='ltr'><strong>quod</strong></span> <span class='ocrx_word' id='word_1_159' title='bbox 839 2191 950 2280; x_wconf 79' lang='lat' dir='ltr'><strong>aliquis</strong></span> <span class='ocrx_word' id='word_1_160' title='bbox 959 2205 1143 2278; x_wconf 73' lang='lat' dir='ltr'><strong>perpetuum</strong></span> <span class='ocrx_word' id='word_1_161' title='bbox 1246 2239 1247 2248; x_wconf 29' lang='grc' dir='ltr'><strong>ι</strong></span> 
     </span>
     <span class='ocr_line' id='line_1_24' title="bbox 225 2281 579 2347; baseline -0.003 0"><span class='ocrx_word' id='word_1_162' title='bbox 225 2281 444 2347; x_wconf 85' lang='lat' dir='ltr'><strong>continentiam</strong></span> <span class='ocrx_word' id='word_1_163' title='bbox 468 2293 579 2346; x_wconf 84' lang='lat' dir='ltr'><strong>servet.</strong></span> 
     </span>
    </p>

    <p class='ocr_par' dir='ltr' id='par_1_5' title="bbox 227 2367 1144 2524">
     <span class='ocr_line' id='line_1_25' title="bbox 245 2367 1144 2522; baseline 0.003 -89"><span class='ocrx_word' id='word_1_164' title='bbox 245 2368 371 2522; x_wconf 51' lang='grc' dir='ltr'><strong>ωοιέῗιο</strong></span> <span class='ocrx_word' id='word_1_165' title='bbox 393 2369 485 2454; x_wconf 76' lang='lat' dir='ltr'><strong>igitur</strong></span> <span class='ocrx_word' id='word_1_166' title='bbox 496 2382 602 2435; x_wconf 87' lang='lat' dir='ltr'><strong>contra</strong></span> <span class='ocrx_word' id='word_1_167' title='bbox 616 2381 796 2457; x_wconf 85' lang='lat' dir='ltr'><strong>perpetuam</strong></span> <span class='ocrx_word' id='word_1_168' title='bbox 808 2367 1027 2435; x_wconf 88' lang='lat' dir='ltr'><strong>continentiam</strong></span> <span class='ocrx_word' id='word_1_169' title='bbox 1051 2367 1144 2456; x_wconf 86' lang='lat' dir='ltr'><strong>objici</strong></span> 
     </span>
     <span class='ocr_line' id='line_1_26' title="bbox 227 2477 379 2524; baseline -0.007 -2"><span class='ocrx_word' id='word_1_170' title='bbox 227 2477 244 2522; x_wconf 88' lang='grc' dir='ltr'><strong>ι</strong></span> <span class='ocrx_word' id='word_1_171' title='bbox 332 2477 379 2524; x_wconf 88' lang='lat' dir='ltr'><strong>ur.</strong></span> 
     </span>
    </p>

    <p class='ocr_par' dir='ltr' id='par_1_6' title="bbox 222 2541 1247 3432">
     <span class='ocr_line' id='line_1_27' title="bbox 289 2541 1146 2633; baseline 0.007 -23"><span class='ocrx_word' id='word_1_172' title='bbox 289 2545 410 2628; x_wconf 76' lang='lat' dir='ltr'><strong>Quibus</strong></span> <span class='ocrx_word' id='word_1_173' title='bbox 431 2545 523 2615; x_wconf 85' lang='lat' dir='ltr'><strong>etiam</strong></span> <span class='ocrx_word' id='word_1_174' title='bbox 547 2545 672 2632; x_wconf 76' lang='lat' dir='ltr'><strong>adjungi</strong></span> <span class='ocrx_word' id='word_1_175' title='bbox 690 2541 796 2633; x_wconf 56' lang='lat' dir='ltr'><strong>‘potest</strong></span> <span class='ocrx_word' id='word_1_176' title='bbox 818 2557 1018 2633; x_wconf 82' lang='lat' dir='ltr'><strong>praeceptum</strong></span> <span class='ocrx_word' id='word_1_177' title='bbox 1034 2545 1146 2616; x_wconf 68' lang='lat' dir='ltr'><strong>Doni·</strong></span> 
     </span>
     <span class='ocr_line' id='line_1_28' title="bbox 224 2633 1146 2722; baseline 0.002 -22"><span class='ocrx_word' id='word_1_178' title='bbox 224 2635 257 2700; x_wconf 90' lang='lat' dir='ltr'><strong>ni</strong></span> <span class='ocrx_word' id='word_1_179' title='bbox 279 2634 493 2722; x_wconf 86' lang='lat' dir='ltr'><strong>qncdprimis</strong></span> <span class='ocrx_word' id='word_1_180' title='bbox 515 2633 693 2722; x_wconf 87' lang='lat' dir='ltr'><strong>parentibus</strong></span> <span class='ocrx_word' id='word_1_181' title='bbox 716 2635 827 2720; x_wconf 73' lang='lat' dir='ltr'><strong>iegitur</strong></span> <span class='ocrx_word' id='word_1_182' title='bbox 849 2633 1043 2704; x_wconf 73' lang='lat' dir='ltr'><strong>enecatum:</strong></span> <span class='ocrx_word' id='word_1_183' title='bbox 1070 2636 1146 2702; x_wconf 85' lang='lat' dir='ltr'><strong>Cre·</strong></span> 
     </span>
     <span class='ocr_line' id='line_1_29' title="bbox 222 2723 1144 2808; baseline 0.005 -20"><span class='ocrx_word' id='word_1_184' title='bbox 222 2725 306 2800; x_wconf 80' lang='lat' dir='ltr'><strong>scite,</strong></span> <span class='ocrx_word' id='word_1_185' title='bbox 328 2735 359 2790; x_wconf 86' lang='lat' dir='ltr'><strong>et</strong></span> <span class='ocrx_word' id='word_1_186' title='bbox 380 2725 632 2808; x_wconf 80' lang='lat' dir='ltr'><strong>rnnttipiicnntini</strong></span> <span class='ocrx_word' id='word_1_187' title='bbox 646 2735 677 2790; x_wconf 87' lang='lat' dir='ltr'><strong>ct</strong></span> <span class='ocrx_word' id='word_1_188' title='bbox 702 2726 817 2808; x_wconf 78' lang='lat' dir='ltr'><strong>replete</strong></span> <span class='ocrx_word' id='word_1_189' title='bbox 849 2735 975 2802; x_wconf 81' lang='lat' dir='ltr'><strong>terram,</strong></span> <span class='ocrx_word' id='word_1_190' title='bbox 997 2723 1089 2804; x_wconf 70' lang='lat' dir='ltr'><strong>cen„</strong></span> <span class='ocrx_word' id='word_1_191' title='bbox 1112 2725 1144 2805; x_wconf 84' lang='grc' dir='ltr'><strong>ι,</strong></span> 
     </span>
     <span class='ocr_line' id='line_1_30' title="bbox 225 2810 1187 2901; baseline 0.003 -23"><span class='ocrx_word' id='word_1_192' title='bbox 225 2812 280 2891; x_wconf 72' lang='lat'><strong>28,</strong></span> <span class='ocrx_word' id='word_1_193' title='bbox 301 2826 332 2878; x_wconf 90' lang='lat' dir='ltr'><strong>et</strong></span> <span class='ocrx_word' id='word_1_194' title='bbox 354 2813 386 2890; x_wconf 87' lang='lat'><strong>9,</strong></span> <span class='ocrx_word' id='word_1_195' title='bbox 408 2813 440 2891; x_wconf 80' lang='lat'><strong>73</strong></span> <span class='ocrx_word' id='word_1_196' title='bbox 462 2811 546 2899; x_wconf 89' lang='lat' dir='ltr'><strong>quod</strong></span> <span class='ocrx_word' id='word_1_197' title='bbox 570 2833 632 2878; x_wconf 91' lang='lat' dir='ltr'><strong>nou</strong></span> <span class='ocrx_word' id='word_1_198' title='bbox 656 2824 700 2878; x_wconf 88' lang='lat' dir='ltr'><strong>est</strong></span> <span class='ocrx_word' id='word_1_199' title='bbox 723 2824 889 2889; x_wconf 88' lang='lat' dir='ltr'><strong>remotum,</strong></span> <span class='ocrx_word' id='word_1_200' title='bbox 911 2810 966 2877; x_wconf 89' lang='lat' dir='ltr'><strong>scd</strong></span> <span class='ocrx_word' id='word_1_201' title='bbox 977 2813 1076 2898; x_wconf 76' lang='lat' dir='ltr'><strong>magis</strong></span> <span class='ocrx_word' id='word_1_202' title='bbox 1098 2814 1146 2882; x_wconf 88' lang='grc' dir='ltr'><strong>ιι-</strong></span> <span class='ocrx_word' id='word_1_203' title='bbox 1179 2887 1187 2901; x_wconf 52' lang='grc'><strong>,</strong></span> 
     </span>
     <span class='ocr_line' id='line_1_31' title="bbox 224 2900 1247 2994; baseline 0.002 -28"><span class='ocrx_word' id='word_1_204' title='bbox 224 2901 315 2970; x_wconf 76' lang='lat' dir='ltr'><strong>dmur</strong></span> <span class='ocrx_word' id='word_1_205' title='bbox 335 2921 353 2966; x_wconf 86' lang='lat' dir='ltr'><strong>a</strong></span> <span class='ocrx_word' id='word_1_206' title='bbox 373 2901 508 2966; x_wconf 86' lang='lat' dir='ltr'><strong>Domino</strong></span> <span class='ocrx_word' id='word_1_207' title='bbox 543 2902 575 2966; x_wconf 95' lang='lat' dir='ltr'><strong>in</strong></span> <span class='ocrx_word' id='word_1_208' title='bbox 600 2900 775 2984; x_wconf 75' lang='lat' dir='ltr'><strong>Evangelio</strong></span> <span class='ocrx_word' id='word_1_209' title='bbox 808 2919 876 2968; x_wconf 88' lang='lat' dir='ltr'><strong>esse</strong></span> <span class='ocrx_word' id='word_1_210' title='bbox 912 2900 1145 2979; x_wconf 84' lang='lat' dir='ltr'><strong>confirmatum,</strong></span> <span class='ocrx_word' id='word_1_211' title='bbox 1246 2979 1247 2994; x_wconf 12' lang='grc' dir='ltr'>χ</span> 
     </span>
     <span class='ocr_line' id='line_1_32' title="bbox 224 2989 1143 3076; baseline 0.002 -21"><span class='ocrx_word' id='word_1_212' title='bbox 224 2989 276 3056; x_wconf 90' lang='lat' dir='ltr'><strong>ubi</strong></span> <span class='ocrx_word' id='word_1_213' title='bbox 299 2991 391 3058; x_wconf 77' lang='lat' dir='ltr'><strong>(licita</strong></span> <span class='ocrx_word' id='word_1_214' title='bbox 409 2990 499 3071; x_wconf 71' lang='lat' dir='ltr'><strong>Quod</strong></span> <span class='ocrx_word' id='word_1_215' title='bbox 521 2989 605 3055; x_wconf 82' lang='lat' dir='ltr'><strong>Deus</strong></span> <span class='ocrx_word' id='word_1_216' title='bbox 627 2991 764 3074; x_wconf 74' lang='lat' dir='ltr'><strong>conjecit</strong></span> <span class='ocrx_word' id='word_1_217' title='bbox 784 2989 874 3056; x_wconf 79' lang='lat' dir='ltr'><strong>homo</strong></span> <span class='ocrx_word' id='word_1_218' title='bbox 906 3008 969 3058; x_wconf 89' lang='lat' dir='ltr'><strong>nnn</strong></span> <span class='ocrx_word' id='word_1_219' title='bbox 1005 3001 1143 3076; x_wconf 73' lang='lat' dir='ltr'><strong>separet,</strong></span> 
     </span>
     <span class='ocr_line' id='line_1_33' title="bbox 222 3077 1145 3166; baseline 0.004 -22"><span class='ocrx_word' id='word_1_220' title='bbox 222 3079 339 3159; x_wconf 69' lang='lat' dir='ltr'><strong>Mettis„</strong></span> <span class='ocrx_word' id='word_1_221' title='bbox 363 3079 469 3158; x_wconf 64' lang='lat'><strong>¹9,„6,</strong></span> <span class='ocrx_word' id='word_1_222' title='bbox 490 3077 531 3143; x_wconf 86' lang='lat' dir='ltr'><strong>dc</strong></span> <span class='ocrx_word' id='word_1_223' title='bbox 553 3077 770 3164; x_wconf 78' lang='lat' dir='ltr'><strong>conjunctione</strong></span> <span class='ocrx_word' id='word_1_224' title='bbox 793 3077 980 3146; x_wconf 85' lang='lat' dir='ltr'><strong>matrimonii</strong></span> <span class='ocrx_word' id='word_1_225' title='bbox 999 3078 1145 3166; x_wconf 83' lang='lat' dir='ltr'><strong>loquens.</strong></span> 
     </span>
     <span class='ocr_line' id='line_1_34' title="bbox 227 3166 1147 3254; baseline 0.003 -21"><span class='ocrx_word' id='word_1_226' title='bbox 227 3166 339 3237; x_wconf 76' lang='lat' dir='ltr'><strong>Contra</strong></span> <span class='ocrx_word' id='word_1_227' title='bbox 373 3182 483 3239; x_wconf 77' lang='lat' dir='ltr'><strong>cutem·</strong></span> <span class='ocrx_word' id='word_1_228' title='bbox 513 3166 573 3232; x_wconf 90' lang='lat' dir='ltr'><strong>hoc</strong></span> <span class='ocrx_word' id='word_1_229' title='bbox 596 3181 794 3254; x_wconf 81' lang='lat' dir='ltr'><strong>praeceptum</strong></span> <span class='ocrx_word' id='word_1_230' title='bbox 817 3185 961 3253; x_wconf 82' lang='lat' dir='ltr'><strong>expresse</strong></span> <span class='ocrx_word' id='word_1_231' title='bbox 983 3166 1054 3237; x_wconf 81' lang='lat' dir='ltr'><strong>iacit</strong></span> <span class='ocrx_word' id='word_1_232' title='bbox 1090 3169 1147 3254; x_wconf 88' lang='lat' dir='ltr'><strong>qui</strong></span> 
     </span>
     <span class='ocr_line' id='line_1_35' title="bbox 224 3255 1146 3345; baseline 0.002 -23"><span class='ocrx_word' id='word_1_233' title='bbox 224 3271 407 3345; x_wconf 79' lang='lat' dir='ltr'><strong>perpetuent</strong></span> <span class='ocrx_word' id='word_1_234' title='bbox 426 3255 647 3325; x_wconf 82' lang='lat' dir='ltr'><strong>continentiam</strong></span> <span class='ocrx_word' id='word_1_235' title='bbox 669 3269 780 3324; x_wconf 87' lang='lat' dir='ltr'><strong>servat.</strong></span> <span class='ocrx_word' id='word_1_236' title='bbox 805 3255 934 3324; x_wconf 82' lang='lat' dir='ltr'><strong>Videtur</strong></span> <span class='ocrx_word' id='word_1_237' title='bbox 963 3257 1056 3342; x_wconf 75' lang='lat' dir='ltr'><strong>igitur</strong></span> <span class='ocrx_word' id='word_1_238' title='bbox 1079 3277 1146 3324; x_wconf 87' lang='lat' dir='ltr'><strong>nou</strong></span> 
     </span>
     <span class='ocr_line' id='line_1_36' title="bbox 224 3345 1126 3432; baseline 0.002 -20"><span class='ocrx_word' id='word_1_239' title='bbox 224 3345 430 3414; x_wconf 74' lang='lat' dir='ltr'><strong>essetecum</strong></span> <span class='ocrx_word' id='word_1_240' title='bbox 454 3359 633 3432; x_wconf 82' lang='lat' dir='ltr'><strong>perpetuam</strong></span> <span class='ocrx_word' id='word_1_241' title='bbox 657 3345 876 3414; x_wconf 84' lang='lat' dir='ltr'><strong>cmttineutiem</strong></span> <span class='ocrx_word' id='word_1_242' title='bbox 898 3363 1031 3416; x_wconf 80' lang='lat' dir='ltr'><strong>seruarc.</strong></span> <span class='ocrx_word' id='word_1_243' title='bbox 1123 3387 1126 3394; x_wconf 92' lang='lat'>·</span> 
     </span>
    </p>

    <p class='ocr_par' dir='ltr' id='par_1_7' title="bbox 291 3423 1247 3542">
     <span class='ocr_line' id='line_1_37' title="bbox 291 3432 1145 3506; baseline 0.008 -6"><span class='ocrx_word' id='word_1_244' title='bbox 291 3435 356 3501; x_wconf 82' lang='lat' dir='ltr'><strong>Hoc</strong></span> <span class='ocrx_word' id='word_1_245' title='bbox 386 3446 490 3500; x_wconf 83' lang='lat' dir='ltr'><strong>autern</strong></span> <span class='ocrx_word' id='word_1_246' title='bbox 513 3453 575 3498; x_wconf 92' lang='lat' dir='ltr'><strong>non</strong></span> <span class='ocrx_word' id='word_1_247' title='bbox 612 3432 736 3501; x_wconf 80' lang='lat' dir='ltr'><strong>difficile</strong></span> <span class='ocrx_word' id='word_1_248' title='bbox 758 3448 804 3502; x_wconf 88' lang='lat' dir='ltr'><strong>est</strong></span> <span class='ocrx_word' id='word_1_249' title='bbox 825 3433 946 3504; x_wconf 77' lang='lat' dir='ltr'><strong>solvere</strong></span> <span class='ocrx_word' id='word_1_250' title='bbox 967 3432 1145 3506; x_wconf 81' lang='lat' dir='ltr'><strong>secundnm</strong></span> 
     </span>
    </p>
   </div>
   <div class='ocr_carea' id='block_1_2' title="bbox 225 3520 1247 3624">
    <p class='ocr_par' dir='ltr' id='par_1_8' title="bbox 225 3520 1247 3624">
     <span class='ocr_line' id='line_1_38' title="bbox 225 3520 1247 3624; baseline 0.009 -37"><span class='ocrx_word' id='word_1_251' title='bbox 225 3540 264 3587; x_wconf 84' lang='lat' dir='ltr'><strong>cr-</strong></span> <span class='ocrx_word' id='word_1_252' title='bbox 282 3541 362 3608; x_wconf 87' lang='lat' dir='ltr'><strong>quae</strong></span> <span class='ocrx_word' id='word_1_253' title='bbox 379 3520 557 3610; x_wconf 81' lang='lat' dir='ltr'><strong>prnemisse</strong></span> <span class='ocrx_word' id='word_1_254' title='bbox 573 3534 655 3591; x_wconf 84' lang='lat' dir='ltr'><strong>sunt.</strong></span> <span class='ocrx_word' id='word_1_255' title='bbox 1246 3581 1247 3624; x_wconf 47' lang='lat' dir='ltr'><strong>p</strong></span> 
     </span>
    </p>
   </div>
   <div class='ocr_carea' id='block_1_3' title="bbox 0 0 1262 3968">
    <p class='ocr_par' dir='ltr' id='par_1_9' title="bbox 0 0 1262 3968">
     <span class='ocr_line' id='line_1_39' title="bbox 0 0 1262 3968; baseline 0 0"><span class='ocrx_word' id='word_1_256' title='bbox 0 0 1262 3968; x_wconf 95' lang='lat' dir='ltr'><strong> </strong></span> 
     </span>
    </p>
   </div>
  </div>
 </body>
</html>
