2514 3972
217 209 284 276 376
521 229 640 275 araur.
665 227 729 275 cnr.
753 205 855 276 oxrrir.

215 319 290 365 uero
313 297 352 364 ad
376 296 432 362 riri
456 299 635 365 societatem
658 300 824 366 assumitur
847 309 972 386 propter
1004 299 1142 366 necessi·

216 401 309 455 tatem
333 388 550 473 generationis
573 400 712 453 cessante
734 388 827 474 igitur
860 386 1047 453 fecunditate
1069 409 1139 454 mu·

216 476 299 543 lieris
323 491 352 543 et
374 475 497 555 decore,
520 476 688 562 impeditur
713 497 753 542 ne
776 477 816 543 ab
853 476 914 542 alio
952 491 1137 542 assumatur.

216 566 247 631 Si
271 565 339 652 quis
361 565 466 650 igitur,
488 565 652 630 mulierem
675 586 836 631 assumens
860 578 1000 650 tempore
1024 565 1138 651 juren-

215 656 298 733 tutis,
320 675 382 741 quo
405 667 435 719 ct
457 653 552 720 decor
585 667 615 719 et
651 653 822 720 fecunditas
845 655 873 720 ei
908 654 1031 734 adsunt,
1068 673 1138 720 earu

215 743 370 812 dimittere
393 756 497 829 posset
520 756 682 830 postquam
721 757 819 808 aetate
853 757 997 829 provecta
1036 741 1138 819 luerit,

215 833 365 898 damnum
387 831 513 898 inferret
536 833 660 898 mulieri
683 845 789 898 contra
817 832 992 899 naturalem
1031 832 1139 920 aequi·

216 935 320 988 tatem.

282 1011 369 1085 ltetu,
391 1007 549 1074 llanileste
572 1022 700 1097 apparet
722 1009 942 1075 inconvenieus
964 1009 990 1074 si
1025 1008 1139 1076 mulier

214 1101 314 1166 uirum
338 1099 492 1165 dimittere
516 1113 629 1185 posset,
652 1119 725 1164 cum
748 1098 861 1164 mulier
877 1097 1058 1164 naturaliter
1069 1096 1139 1164 viro

213 1188 350 1274 subjecta
374 1188 412 1253 sit
434 1200 592 1274 tamquam
615 1187 825 1272 gubernatori.
848 1187 915 1252 Non
950 1199 996 1253 est
1030 1200 1137 1254 autem

215 1279 245 1343 in
270 1289 418 1364 potestate
441 1275 507 1362 ejus
531 1278 583 1363 qui
607 1277 692 1342 alteri
724 1276 885 1360 subjicitur
923 1289 956 1341 ut
993 1274 1034 1341 ab
1069 1275 1138 1361 ejus

214 1367 366 1452 regimine
388 1364 535 1430 discedat.
559 1365 672 1432 Contra
697 1366 869 1431 naturalem
887 1365 980 1450 igitur
991 1363 1137 1430 ordinem

215 1468 296 1521 esset
318 1455 343 1520 si
367 1455 480 1520 mulier
502 1455 603 1520 uirum
627 1455 771 1520 deserere
795 1466 907 1541 posset.
931 1453 962 1518 si
991 1472 1067 1539 ergo
1093 1454 1140 1518 uir

215 1542 485 1630 desererelposset
508 1543 682 1622 mulierem,
707 1563 769 1609 non
791 1557 873 1610 esset
895 1563 994 1630 aequa
1005 1543 1139 1608 societas

215 1634 271 1698 viri
295 1632 334 1698 ad
358 1633 532 1712 mulierem,
555 1631 611 1698 sed
632 1632 763 1698 servitus
786 1632 939 1718 quaedam
977 1651 1015 1698 ex
1048 1646 1139 1718 parte

215 1721 366 1790 mulieris.

283 1810 456 1888 Praeterea,
479 1808 631 1874 Naturalis
654 1807 808 1895 quaedam
845 1807 1019 1876 sollicitudo
1057 1809 1140 1874 inest
1239 1859 1240 1862 η

145 1969 147 1974 ,
215 1899 395 1967 hominibus
418 1898 458 1962 de
481 1897 665 1964 certitudine
688 1897 794 1985 prolis;
815 1900 899 1985 quod
927 1911 1054 1986 prnpter
1077 1897 1138 1963 hoe

215 1987 423 2054 necessarium
446 2000 493 2052 est
515 1987 586 2074 quia
610 1987 691 2052 lilius
714 1987 858 2052 diuturna
893 1987 987 2074 patris
1021 1985 1138 2070 guber·

215 2079 341 2144 natione
375 2075 501 2161 indiget.
535 2075 758 2162 Quaecumque
790 2075 883 2161 igitur
919 2073 1137 2142 certitudinem

215 2167 310 2256 prolis
337 2164 509 2253 impediunt
530 2177 602 2232 sunt
625 2179 731 2230 contra
753 2165 927 2230 naturalem
957 2165 1138 2230 instinctum

214 2257 372 2324 humanae
393 2253 516 2339 speciei.
554 2253 587 2319 Si
614 2267 718 2319 autern
756 2255 802 2319 vir
836 2267 938 2341 posset
972 2253 1137 2320 mulierem

215 2346 370 2410 dimittere
394 2343 442 2408 vel
465 2343 578 2408 mulier
600 2341 700 2408 virum
724 2355 755 2407 et
788 2342 874 2408 alteri
909 2342 1059 2430 copulari,
1078 2343 1135 2408 im·

216 2434 376 2521 pediretur
397 2431 548 2498 certitudo
573 2431 679 2518 prolis,
717 2431 792 2497 dum
833 2431 945 2498 mulier
979 2451 996 2497 a
1034 2431 1138 2517 primo

216 2522 338 2608 cognita
362 2520 602 2608 postmoduma
632 2519 768 2586 secundo
802 2532 1051 2605 cognosceretur.
1085 2519 1144 2586 Est

216 2612 310 2698 igitur
332 2624 438 2676 contra
462 2608 633 2675 naturalem
657 2609 835 2674 instinctum
850 2609 962 2694 speciei
979 2609 1138 2675 humanae

130 2735 133 2742 ·
216 2700 300 2788 quod
324 2699 476 2765 muliera
500 2699 566 2763 viro
589 2710 758 2784 separetur.
782 2696 832 2762 Sic
848 2697 940 2782 igitur
954 2717 1018 2762 non
1034 2697 1138 2764 solum
1237 2769 1238 2772 Ἴ

216 2789 406 2868 diutumam‚
428 2786 483 2854 sed
507 2786 698 2852 individuam
722 2799 843 2874 oportet
854 2805 933 2866 esse,
945 2786 976 2851 in
999 2786 1138 2854 humana

215 2877 329 2966 specie,
355 2877 448 2944 maris
471 2888 502 2942 et
524 2874 660 2941 feminae
683 2875 945 2962 cunjunctionem.

285 2966 433 3054 Amplius
456 2964 605 3044 Amicitia,
628 2976 744 3051 quanto
767 2963 868 3050 major
882 2977 930 3030 est
946 2975 1030 3030 tauto
1046 2962 1142 3030 debet

215 3076 284 3122 esse
307 3057 426 3121 tirmior
448 3067 479 3119 et
501 3053 685 3119 diuturnior.
716 3052 799 3118 lnter
837 3053 937 3118 uirum
977 3067 1082 3119 autem
1107 3065 1140 3118 et

215 3165 346 3212 uxorem
368 3143 515 3223 maxima,
537 3142 671 3208 amicitia
694 3161 763 3208 esse
796 3141 928 3220 videtur3
962 3141 1140 3208 adunantur

216 3235 300 3300 enim
324 3253 387 3298 non
410 3231 511 3298 solum
535 3231 566 3296 in
600 3244 670 3296 actu
708 3229 841 3296 carnalis
878 3231 1019 3318 copulae,
1057 3249 1140 3316 quae

216 3323 310 3389 etiam
348 3322 427 3387 inter
461 3320 574 3386 bestias
608 3319 776 3405 quamdam
810 3339 937 3386 suavem
972 3319 1140 3386 amicitiam

217 3410 378 3488 iacitssed
402 3409 440 3475 ad
464 3410 556 3474 totius
579 3408 767 3474 domesticae
790 3408 1031 3476 conversationis
1065 3426 1140 3475 uon*-

218 3500 359 3574 sortium3
393 3495 487 3577 unde,
524 3497 556 3562 in
590 3498 714 3580 signum
748 3496 852 3585 hujus,
886 3498 981 3564 homo
1013 3510 1142 3586 propter
1236 3527 1237 3530 ¹
