2450 3966
396 263 452 308 ιιι.
476 263 516 308 ιιι.
540 261 604 308 cta.
629 263 657 308 x.
947 243 989 308 55

93 327 191 405 ιιίειει,
213 331 241 398 si
264 343 348 398 actus
371 334 505 398 exterior
526 331 673 398 delicians
707 345 786 396 esset
809 329 929 396 delectu
953 332 992 396 ad

89 417 347 487 toluutatcuruon
383 424 566 508 pertinente;
603 419 786 487 claudicatio
820 421 903 486 enlm
929 439 991 486 non

84 519 120 570 est
156 509 265 574 sitium
288 511 401 588 moris,
423 511 477 576 sed
506 523 645 576 naturae.
680 507 862 594 Huiusmodi
900 508 993 594 igitur

82 595 187 662 virtutis
232 601 413 685 exequentis
428 599 565 666 delectus
590 599 683 666 moris
708 600 814 664 vitium
843 596 890 662 vel
914 609 991 662 tota·

78 681 138 748 liter
159 701 287 752 excusat
312 688 359 754 tel
382 689 503 756 minuit.
527 689 619 754 Actus
643 707 717 753 vero
751 707 814 775 quo
838 705 887 752 res
923 707 989 752 rno-

76 777 398 862 retapprebensirsm
423 779 566 842 virtutem
601 776 749 842 immunis
783 789 830 842 est
865 795 881 838 a
917 775 990 840 vitio

76 863 174 940 moris,
196 879 305 930 movet
327 868 423 945 enim,
445 867 616 932 secundum
641 865 782 932 ordinem
807 863 992 944 naturalem,

74 949 184 1016 risibile
224 956 337 1033 risum,
369 969 400 1021 et
434 954 594 1043 quodlibet
628 954 783 1040 objectum
819 954 988 1041 potentiam

73 1040 228 1121 passivam.
253 1042 324 1128 lpse
346 1046 438 1110 etiam
472 1058 558 1138 aotqs
595 1044 836 1132 apprehensione
871 1042 989 1108 virtutis

72 1127 98 1188 in
120 1147 152 1192 se
173 1131 389 1198 consideratus
412 1133 522 1198 morali
547 1134 619 1198 vitio
642 1147 736 1208 earet,
759 1151 830 1198 cum
855 1131 921 1216 ejus
933 1132 988 1198 de·

71 1212 159 1282 scetus
181 1221 292 1285 sitium
316 1223 433 1288 morale
456 1223 507 1306 (l)
530 1223 578 1288 vel
612 1235 736 1287 excuset
773 1221 822 1286 vel
860 1222 988 1300 minuat,

70 1303 139 1370 sicut
161 1322 193 1372 et
218 1309 358 1375 delectus
389 1313 568 1398 exequentis
591 1312 720 1389 virtutis3
755 1309 869 1397 pariter
902 1311 987 1376 eninr

70 1391 224 1462 infirmitas
247 1411 280 1462 et
301 1399 473 1482 ignorantia
497 1412 643 1466 excusant
673 1413 833 1485 peccatum
857 1397 904 1463 tel
928 1399 987 1464 nti·

70 1497 170 1549 nourrt.
195 1486 391 1573 Relinquitur
425 1490 517 1574 igitur
550 1488 634 1575 quod
670 1488 789 1554 morale
823 1487 930 1552 vitium
956 1489 985 1552 in

70 1570 127 1636 solo
149 1588 224 1640 actu
248 1576 412 1643 voluntatis
435 1579 536 1665 primo
559 1593 589 1644 et
603 1575 810 1664 principaliter
822 1575 986 1654 invenitur,

70 1673 95 1721 et
115 1664 339 1729 rationabiliter
362 1667 423 1750 (b),
445 1687 517 1732 cum
541 1687 577 1732 er
601 1668 660 1732 hoo
683 1679 767 1731 actus
791 1664 916 1730 moralis
938 1664 985 1728 di·

71 1762 147 1814 oatur
169 1754 246 1839 quia
270 1754 461 1822 voluntarius
483 1768 538 1820 εει.
562 1756 595 1820 Ιιι
619 1767 688 1820 actu
712 1755 804 1840 igitur
822 1753 984 1819 voluntatis

70 1841 242 1920 quaerenda
266 1856 312 1908 est
335 1843 421 1910 radix
444 1858 475 1910 et
498 1845 585 1929 origo
609 1846 723 1928 peccati
761 1841 896 1908 moralis.

127 1929 257 1995 Videtur
279 1945 382 1998 autern
406 1935 486 2000 banc
508 1933 738 2020 inquisitionem
763 1932 910 2018 consequi
925 1931 982 1997 dil·

70 2011 190 2083 licultas.
216 2018 292 2085 Corn
316 2023 399 2086 enim
427 2038 512 2088 actus
535 2022 684 2088 deficiens
721 2027 879 2108 proveniat
912 2041 982 2106 pro·

69 2117 129 2183 pter
149 2106 308 2174 delectum
346 2112 434 2175 activi
474 2112 624 2199 principii,
662 2123 784 2197 oportet
819 2109 982 2196 praeintel·

69 2187 156 2275 ligere
178 2195 336 2262 delectum
360 2200 390 2264 in
414 2200 570 2266 voluntate
586 2213 657 2266 ante
680 2213 838 2285 peccatum
853 2197 980 2262 morale.

70 2278 122 2360 Qui
143 2283 272 2370 quidem
296 2286 445 2368 deiectus,
473 2289 498 2354 si
526 2291 564 2355 sit
587 2289 744 2366 naturalis,
777 2305 901 2373 semper
937 2287 981 2350 in·

71 2366 166 2437 haeret
190 2374 351 2452 volontati,
373 2397 498 2464 semper
523 2379 615 2465 igitur
639 2377 781 2443 voluntas
805 2377 835 2440 in
860 2375 980 2460 agendo

68 2461 219 2527 moraliter
252 2467 399 2550 peccabit,
415 2467 498 2554 quod
521 2480 606 2532 actus
630 2467 775 2531 virtutum
789 2464 980 2530 salsumesse

70 2551 235 2616 ostendunt.
259 2554 290 2618 Si
315 2569 417 2620 autem
451 2555 588 2622 delectus
623 2556 661 2620 sit
695 2554 896 2631 voluntarius,
914 2553 979 2638 jam

68 2648 106 2698 est
136 2655 297 2724 peccatum
320 2645 463 2720 morale,
491 2649 580 2730 cujus
601 2663 693 2711 causa
732 2646 842 2708 iterum
881 2643 980 2728 iuqui-

67 2726 149 2792 teuda
174 2727 313 2810 restabit,
335 2747 365 2798 et
388 2735 432 2798 sic
468 2736 546 2800 ratio
580 2736 611 2798 iu
646 2734 800 2800 infinitum
835 2731 977 2797 deducet.

68 2808 186 2896 Oportet
223 2839 299 2903 ergo
332 2820 434 2887 dicere
458 2823 540 2910 quod
576 2821 715 2888 delectus
749 2823 780 2886 in
820 2821 977 2886 voluntate

68 2907 265 2980 praeexistens
298 2929 360 2974 non
395 2912 433 2975 sit
468 2912 636 2986 naturalis,
669 2931 711 2976 ne
743 2923 891 2997 sequatur
925 2929 979 2973 vo·

68 2986 206 3061 lucutem
237 2997 268 3061 in
305 2998 443 3084 quolibet
476 3015 545 3066 actu
579 3021 720 3088 peceare,
755 3017 856 3085 neque
885 2997 977 3062 etiam

67 3084 185 3149 casualis
210 3098 239 3150 ει
264 3084 416 3168 fortuitus,
440 3111 502 3156 non
527 3091 610 3156 cuim
634 3104 714 3156 esset
739 3090 770 3154 in
795 3087 885 3154 uobis
910 3107 976 3152 rno-

67 3324 72 3333 .
109 3255 146 3326 ll)
166 3261 230 3315 Cum
248 3267 304 3335 ejus
322 3266 464 3336 defectus...
482 3268 499 3321 i.
517 3284 540 3320 e.
563 3267 671 3321 virtutis
698 3265 914 3336 apprehensivae,
947 3276 977 3321 ut

67 3325 123 3403 ulra
140 3334 254 3402 patebit.
278 3336 402 3391 Defectus
431 3339 538 3392 virtutis
567 3338 773 3408 apprehensivae
803 3347 844 3393 est
867 3342 976 3411 quidam

66 3397 215 3526 diffluas
232 3407 340 3475 gradus,
364 3410 411 3478 qui
435 3410 540 3478 quidem
566 3414 660 3463 vitium
688 3410 904 3466 morateexcosst
933 3413 974 3510 sci

105 3517 196 3612 θιΕι
212 3549 417 3618 mtimtoliliter,
435 3551 451 3602 i.
463 3525 487 3603 e.
499 3557 526 3604 et
545 3551 616 3606 baud
643 3552 780 3607 immerito.

140 3618 172 3686 S.
203 3619 257 3684 Tlr.
283 3620 430 3688 Summos
446 3622 526 3688 utut.
552 3623 585 3692 V.
609 3624 639 3689 9.
866 3623 885 3686 5
