2494 3970
198 466 238 534 t.
258 459 304 538 z
465 522 470 527 .

77 576 459 690 uuonnu
499 575 1001 716 no‘uinnms

173 821 227 902 ltu
263 817 473 901 tuntum
502 817 762 902 lthlutllutl
797 819 912 902 utum

233 1025 489 1112 CONTRA
520 1023 849 1110 GENTtLES.

350 1234 498 1290 UBER
518 1234 735 1294 TER'HUS.

335 1384 506 1480 curun
549 1414 764 1480 rntnuu.

439 1593 645 1658 Prooemium.

19 1833 20 1848 ,
152 1772 235 1837 Deus
258 1791 388 1857 muyuut
412 1773 572 1850 Dominus,
595 1783 626 1836 et
648 1772 713 1836 lieu
751 1791 880 1854 moynus
913 1792 1007 1855 ottper

84 1881 188 1926 omnes
211 1861 294 1926 eleos.
321 1859 474 1940 Quoniam
496 1881 556 1924 uon
572 1863 701 1943 repellet
717 1860 868 1925 Dominus
885 1863 1008 1944 plebem

19 1951 20 1956 ’
85 1951 340 2034 enumquam
363 1971 458 2014 murm
482 1952 546 2034 ejus
569 1961 641 2015 sunt
663 1971 767 2014 omues
790 1952 865 2030 lues
906 1963 1008 2016 terroe

85 2051 114 2104 et
124 2039 307 2104 altitudines
319 2041 469 2104 montium
481 2040 547 2122 ipse
560 2040 718 2124 conspicit.
745 2039 898 2118 Quoniam
911 2041 1009 2123 ipsius

85 2140 130 2192 eet
153 2147 250 2207 mure,
274 2139 303 2192 et
325 2129 391 2210 ipre
413 2128 485 2212 feeit
506 2129 598 2206 illud,
622 2141 651 2194 et
673 2129 786 2192 siecum
809 2149 920 2196 munus
943 2131 1008 2212 ejus

21 2272 23 2283 .
83 2218 306 2301 formaverunt,
330 2217 453 2294 Psalm„
477 2217 530 2296 ut,
554 2218 611 2283 5-5
634 2219 696 2304 (l).

21 2356 24 2381 ,
155 2305 257 2370 Unum
280 2326 348 2372 esse
372 2306 507 2393 primum
533 2309 663 2382 entium,
687 2307 779 2370 totius
802 2325 869 2372 esse
908 2306 1008 2393 peri-

22 2466 24 2491 Ι
87 2396 222 2460 ctionem
246 2395 369 2482 plenam
400 2395 572 2480 possidens,
610 2396 693 2482 quod
727 2395 828 2460 Deum
865 2395 1007 2470 dicimus,

88 2499 249 2549 ostensum
273 2497 318 2548 est
341 2485 482 2571 superius
506 2485 539 2563 (l.
566 2486 595 2562 l,
619 2506 645 2549 e.
671 2486 737 2571 to),
760 2484 843 2570 quod
883 2486 932 2573 (ἢ)
956 2495 1007 2550 ‘ex

23 2568 25 2579 '
87 2593 162 2638 suae
196 2571 391 2658 perfeetionis
416 2571 605 2638 abundantia
634 2573 778 2640 omnibus
806 2573 1006 2640 existentibus

23 2678 25 2701 ¹
87 2682 155 2728 esse
178 2660 316 2746 largitur,
339 2675 459 2726 utnon
482 2663 582 2728 solum
617 2664 752 2749 primum
786 2662 915 2738 entium,
952 2665 1007 2728 sed

23 2830 25 2839 Ι
86 2764 116 2815 et
140 2751 275 2836 primum
299 2751 482 2838 principium
507 2753 646 2816 omnium
671 2771 738 2817 esse
775 2752 1006 2838 comprobetur.

23 2874 26 2883 =
87 2840 161 2904 Esse
196 2853 299 2904 nutem
338 2840 405 2905 aliis
428 2841 534 2906 tribuit
557 2862 619 2906 non
643 2841 823 2906 necessitate
863 2854 1006 2918 naturae,

86 2927 142 2993 sed
165 2927 336 2995 seeundum
359 2949 434 2994 suee
457 2929 617 2995 arbitrium
641 2930 805 2996 uoluntatis
830 2928 893 3014 (5),
917 2942 950 3010 ut
972 2951 1010 2994 ex

141 3065 267 3133 (l)Huee
285 3067 367 3120 verba
398 3068 510 3120 desumit
537 3067 563 3120 S,
594 3069 707 3122 Thomas
734 3085 765 3120 ex
795 3069 950 3121 qultotorlo
980 3071 1013 3122 ad

24 3170 25 3181 i
88 3139 241 3205 MatutinnS,
263 3139 312 3192 Ubi
330 3139 451 3192 Psalmus
464 3137 499 3191 ut
518 3141 625 3208 paulum
645 3143 809 3193 immutatur.

143 3209 183 3274 (ἓ)
202 3209 284 3276 Quod,
305 3211 321 3262 i.
341 3226 363 3263 e.
383 3211 429 3281 qui
447 3211 527 3263 Deus.

143 3281 182 3344 (5)
199 3281 258 3332 Jnm
277 3280 428 3334 confutatus
447 3289 487 3336 est
504 3283 547 3348 (l.
566 3280 593 3347 2,
612 3299 633 3334 e.
652 3281 709 3348 ⁰25)
737 3291 763 3335 et
782 3283 903 3334 hocloco
922 3299 1015 3337 rursus

90 3353 242 3406 excluditur
273 3355 451 3406 recentiorum
484 3354 623 3406 creationis
653 3355 831 3407 nenessitatem
862 3357 1015 3424 ponentium

90 3439 176 3491 error,
195 3439 228 3476 ex
246 3441 298 3493 quo
318 3425 389 3478 Deus
408 3427 440 3478 ad
459 3427 611 3489 creandum,
630 3440 677 3494 per
695 3427 850 3496 sapientiam
869 3441 952 3491 suam,
972 3443 1018 3478 ne·

90 3496 205 3548 cessario
224 3497 337 3566 cogitur,
356 3498 433 3565 dum,
448 3497 523 3566 juxte
542 3497 568 3550 S.
587 3497 727 3562 Thomnm,
748 3499 820 3550 Deus
839 3499 953 3566 gratuito
983 3515 1016 3550 ex

25 3634 27 3645 .
90 3566 210 3622 bonitate
228 3574 310 3621 erent.
