2462 3968
209 219 275 287 ιθι
535 216 591 284 uin.
615 240 655 286 ru.
680 236 744 283 cur.
768 236 844 283 ιιιιι.

209 325 299 374 suam
322 306 494 381 materiam,
517 321 551 374 ut
573 308 760 394 subjectum,
784 308 981 392 inquantum
1005 307 1145 372 materia

210 397 277 482 ejus
300 409 346 461 εει
369 395 400 460 in
425 397 558 482 potentio
582 397 622 462 ad
645 396 777 462 sormam
805 395 935 479 agentis.
961 394 993 460 Si
1030 410 1145 462 autern
1216 465 1217 468 ,

210 504 400 552 econverso
423 484 463 550 ad
501 484 634 550 sormam
671 483 810 571 corporis
845 483 987 571 patientis
1024 485 1062 548 sit
1111 485 1143 550 in

209 574 345 662 potentia
371 575 499 640 materia
522 574 660 661 eorporis
683 574 812 658 agentis,
844 587 936 638 erunt
959 572 1084 658 agentia
1113 587 1143 638 et

208 663 356 750 patientia
380 663 418 727 ad
443 663 586 741 invicem,
609 665 686 728 sicut
709 661 818 727 accidit
843 661 874 726 in
909 661 1030 728 duobus
1065 682 1140 727 cor-

209 751 337 839 poribus
361 751 611 830 elementaribus3
626 753 672 816 sin
696 764 810 828 autem,
824 750 881 816 erit
898 771 996 816 unum
1014 764 1140 816 tantum

209 860 306 927 agens
329 853 359 906 ει
382 840 515 906 altarum
551 854 668 906 tamum
708 841 825 925 patiens
860 853 1000 926 respectu
1038 839 1141 917 iilius,

209 930 288 996 sieut
310 942 357 995 est
379 930 569 1016 comparatio
592 929 729 1015 corporis
766 928 905 994 caelestis
944 928 983 993 ad
1020 948 1140 1014 corpus
1219 923 1220 986 i

208 1018 405 1088 elementare,
433 1017 483 1084 Sic
506 1019 598 1103 igitur
627 1038 740 1104 corpus
778 1017 840 1101 agit
877 1017 908 1082 in
946 1015 1140 1102 subjeetum,

209 1127 272 1172 non
296 1107 415 1172 ratione
439 1107 532 1174 totius
555 1108 703 1194 corporis,
726 1105 781 1172 sed
805 1105 924 1171 formae
959 1125 1014 1198 per
1035 1125 1150 1192 quam,

210 1196 283 1281 agit.

276 1283 344 1350 Non
367 1297 414 1350 εει
446 1283 539 1349 ειιιιιιι
568 1303 676 1349 ιειιιιιι
710 1282 795 1370 quod
834 1302 965 1367 corpora
1003 1281 1063 1349 sint
1104 1283 1137 1348 in

209 1371 318 1440 ultima
341 1373 513 1438 remotione
536 1393 553 1438 a
576 1373 652 1438 Deo.
677 1371 755 1438 Cum
778 1373 862 1436 cnim
886 1371 970 1436 Deus
993 1372 1031 1436 sit
1047 1383 1138 1438 actus

209 1481 316 1548 putris,
338 1461 510 1527 seeundum
534 1461 594 1528 hoc
617 1461 719 1546 aliqua
743 1460 841 1545 uragis
877 1459 926 1525 ιιει
964 1460 1067 1525 ιιιιιιιιε
1090 1459 1135 1526 ab

209 1570 247 1615 eo
270 1550 383 1616 distant
405 1549 577 1616 secundum
598 1550 682 1636 quod
706 1563 777 1615 sunt
801 1548 869 1635 pius
892 1548 941 1614 vel
971 1550 1073 1616 minus
1098 1549 1133 1614 in

209 1652 279 1705 actu
303 1639 350 1705 ιιει
375 1640 405 1702 in
429 1639 574 1725 potentia.
614 1639 692 1704 lllud
730 1639 823 1703 etiam
858 1637 889 1702 in
928 1638 1050 1703 entibus
1082 1651 1134 1702 est

209 1741 346 1794 extreme
369 1726 484 1793 distans
507 1747 525 1792 a
548 1727 614 1792 Deo
639 1727 722 1813 qnod
745 1740 792 1792 est
826 1727 962 1814 potentia
1000 1738 1135 1804 tantum,

207 1816 324 1882 scilicet
346 1815 474 1881 materia
498 1815 610 1902 prima;
633 1816 716 1881 unde
739 1815 805 1900 ejus
836 1827 954 1880 tantum
991 1827 1037 1880 εει
1070 1816 1134 1902 pati

209 1917 240 1970 ει
262 1925 326 1969 nou
349 1924 451 1987 agere.
475 1903 611 1991 Corpora
634 1925 721 1982 vero,
757 1925 829 1970 cum
865 1904 927 1968 sint
959 1905 1132 1990 composita

209 2012 247 2057 ειι
269 1993 398 2059 materia
422 2006 452 2058 ει
475 1991 585 2072 ιοιιιιε,
609 1993 760 2065 accedunt
783 1992 822 2057 ad
852 1992 989 2058 diuinam
1025 1991 1133 2058 simili·
1222 1977 1223 2064 ι

208 2079 348 2150 tudinem
383 2081 568 2168 inquantum
591 2083 706 2148 habent
729 2081 872 2160 formam,
902 2101 996 2166 quam
1021 2081 1133 2146 Aristo·
1222 2087 1223 2182 ι

208 2170 284 2236 ιειεε
308 2171 454 2260 (Physic,
480 2170 510 2245 ι,
535 2184 607 2236 text.
631 2191 745 2236 comm.
765 2169 1133 2254 comminationum

207 2258 376 2344 quoddam
400 2272 430 2323 ει
453 2261 673 2346 ριοριειιιοιι,
696 2259 868 2324 secundum
893 2257 978 2345 quod
1017 2258 1134 2324 habent

207 2347 351 2427 formam,
375 2362 479 2430 agunu
502 2348 674 2414 seeundum
699 2369 772 2414 uero
796 2346 880 2433 quod
912 2347 1030 2414 habeut
1069 2367 1134 2412 ma·

210 2437 332 2515 teriam,
345 2439 511 2524 patiuntur.

275 2525 448 2590 Ridiculum
472 2539 574 2590 autern
597 2538 644 2589 est
667 2523 770 2590 dicero
793 2523 877 2611 quod
908 2522 978 2588 ideo
1016 2543 1131 2610 eorpus

208 2633 274 2679 non
296 2626 366 2698 agat
389 2613 460 2698 qnia
484 2614 625 2679 accidens
649 2634 711 2678 non
735 2613 843 2678 transit
874 2612 913 2677 dc
935 2611 1076 2697 subjecto
1101 2612 1132 2676 in

208 2701 391 2788 subjectum.
415 2700 482 2766 Non
520 2703 604 2766 enirn
645 2701 704 2766 hoo
738 2701 832 2768 modo
870 2699 983 2766 dicitur
1017 2722 1131 2788 corpus

208 2791 342 2857 calidum
365 2788 532 2856 calefacere
562 2789 646 2876 quod
670 2790 753 2856 idem
790 2809 921 2854 numero
960 2788 1045 2864 calor
1080 2789 1133 2876 qui

208 2880 308 2945 estin
331 2878 528 2946 calefaciente
551 2899 681 2964 corpore
705 2891 838 2955 transeat
854 2878 893 2943 ad
921 2897 1034 2964 corpus
1052 2877 1134 2942 cale·

206 2969 333 3046 iactum,
356 2967 411 3032 scd
433 2969 504 3054 quia
529 2966 640 3032 virtute
663 2967 774 3032 caloris
797 2967 849 3052 qui
873 2979 919 3032 est
946 2967 978 3030 in
1016 2965 1134 3031 caleia-

206 3059 306 3122 ciente
330 3076 471 3142 corpore,
494 3055 572 3121 alius
595 3055 680 3122 calor
702 3075 832 3120 nurnero
856 3055 890 3120 iit
913 3068 983 3120 actu
1007 3055 1038 3118 in
1062 3075 1132 3120 cor·

206 3165 283 3233 pore
306 3145 467 3224 calefacto,
487 3145 539 3231 qui
563 3145 646 3230 prius
680 3159 746 3209 erat
784 3146 815 3210 in
852 3164 890 3208 eo
925 3144 956 3207 in
995 3145 1144 3229 potentia,

208 3231 267 3325 (i);
289 3254 383 3319 agens
406 3234 490 3299 enirn
513 3233 652 3299 naturaie
675 3253 739 3299 non
777 3245 823 3298 est
857 3231 1021 3297 traducens
1059 3252 1134 3319 pro-

259 3371 299 3440 (Ι)
317 3372 465 3425 Notandum
484 3376 524 3424 est
541 3371 613 3440 quod
630 3371 693 3423 haec
711 3370 792 3424 saneti
819 3370 941 3423 Doctoris
969 3371 1078 3423 assertio
1090 3385 1136 3422 re·

208 3443 357 3498 cantiorum
376 3444 545 3512 physicorum
564 3441 679 3494 theoriae
696 3443 809 3496 maxime
827 3447 963 3495 consonat.
976 3441 1134 3494 Calorenim

208 3513 352 3568 secundum
371 3529 423 3580 eos,
442 3512 507 3564 nihil
526 3518 565 3566 est
583 3513 632 3565 nisi
652 3519 739 3573 motus
767 3512 860 3582 aliquis
879 3528 926 3566 seu
946 3511 1059 3570 vibratio
1074 3527 1138 3582 per·
