2452 3970
380 263 436 308 tta.
451 263 499 306 ttt.
523 261 590 308 CAP.
617 262 716 309 xxxtx.

375 420 560 486 annun
599 419 734 485 xxxix.
796 513 799 520 Δ

98 557 184 639 Quod
195 559 329 644 felicitas
346 559 481 623 lornano
497 581 558 624 non
574 561 712 624 consistit
727 560 759 623 in
773 559 943 648 cognitione
960 559 1019 626 Dei

238 669 317 732 qttne
339 647 468 714 bobetnr
486 671 546 734 per
568 649 873 714 demonstrationem.

160 770 278 836 Rursus
302 784 348 835 est
372 770 524 856 quaedam
560 770 618 836 alia
654 771 710 836 Dei
745 770 891 856 cognitio,
929 771 1019 836 altior

95 879 188 944 quam
214 857 391 946 praemissa,
414 879 493 945 quae
517 860 556 926 de
572 861 639 926 Deo
652 881 706 947 per
722 860 1018 926 demonstrationem

96 947 238 1026 babetur,
253 969 308 1034 per
330 969 423 1034 quam
448 951 545 1032 magis
569 950 614 1014 ad
631 949 787 1035 propriam
805 950 898 1036 ipsius
914 949 1018 1034 engui-

97 1037 213 1102 tionem
237 1038 401 1114 acceditur,
424 1057 495 1102 cum
520 1059 575 1123 pec
597 1039 891 1104 demonstrationem
915 1059 1018 1104 remo·

95 1139 226 1192 veantur
249 1126 288 1190 ab
311 1147 349 1191 eo
375 1126 471 1190 multa
501 1147 555 1211 per
578 1148 711 1213 quorum
746 1130 952 1192 remotionem
977 1127 1017 1193 ab

96 1213 162 1279 aliis
199 1215 349 1280 discretus
372 1215 560 1299 intelligitur;
599 1216 733 1282 ostendit
767 1218 849 1280 enim
888 1217 1018 1282 demon-

97 1303 204 1368 stratio
229 1303 330 1368 Deum
353 1323 421 1368 esse
445 1305 648 1382 immobilem,
672 1319 844 1382 aeternum,
879 1305 1021 1392 incorpo-

97 1412 196 1471 reum,
220 1393 349 1458 omnino
372 1393 554 1478 simplicem,
578 1415 686 1472 unum,
709 1407 739 1458 et
762 1393 821 1458 alia
841 1394 1020 1480 hujusmodi

97 1501 175 1565 quae
199 1483 240 1547 de
264 1482 330 1546 Deo
353 1481 544 1549 ostendimus
580 1483 629 1568 (l.
666 1485 695 1562 l,
718 1503 744 1548 c..
770 1483 810 1547 l5
835 1497 865 1547 ct
898 1484 1020 1570 seqq).

99 1569 143 1633 nd
167 1571 325 1658 propriam
349 1585 452 1635 autem
477 1571 605 1656 alicujus
630 1573 671 1636 rei
708 1571 915 1656 cognitionem
951 1593 1021 1660 per-

99 1661 233 1738 venitur,
258 1681 319 1726 nun
342 1660 442 1724 solum
467 1680 521 1745 per
544 1661 775 1738 affirmationes,
790 1661 845 1726 sed
861 1661 1022 1748 etiamper

101 1749 292 1832 negationem
317 1749 498 1814 sicutenim
533 1752 691 1836 proprium
718 1749 851 1814 hominis
885 1763 1021 1816 estesse

100 1838 213 1902 animal
238 1837 396 1914 rationale,
421 1837 460 1902 ita
495 1843 654 1924 proprium
679 1839 745 1923 ejus
784 1851 830 1904 est
852 1859 914 1904 non
953 1861 1021 1905 esse

98 1925 303 1992 inanimatum
337 1945 438 2014 neque
480 1928 668 2005 irrationale
708 1928 763 1994 sed
798 1929 857 1992 hoc
895 1929 1021 1996 interest

98 2013 176 2080 iuter
199 2033 367 2101 utrumque
389 2016 571 2100 cognitionis
596 2018 738 2104 propriae
761 2017 902 2095 modum,
925 2019 1020 2104 quod,

97 2121 152 2186 per
174 2103 398 2170 affirmationes
420 2107 542 2190 propria
566 2108 741 2190 cognitione
771 2105 810 2169 de
845 2127 879 2170 re
917 2107 1020 2172 babitu

98 2191 193 2258 scitur
214 2195 289 2280 quin
311 2207 358 2258 est
380 2215 430 2260 res
453 2207 482 2258 et
505 2194 662 2279 quomodo
686 2195 725 2259 ab
760 2194 827 2259 aliis
850 2207 1021 2281 separatum

98 2298 152 2363 per
175 2283 356 2365 negationes
380 2297 483 2348 autem
508 2283 611 2348 babita
635 2283 758 2370 propria
783 2284 959 2367 cognitione
983 2285 1022 2349 de

99 2387 142 2446 re,
164 2371 261 2436 scitur
283 2370 367 2458 quod
391 2385 436 2438 est
459 2373 498 2436 ab
527 2373 592 2438 aliis
632 2375 775 2450 discreta,
809 2386 911 2437 tamen
946 2374 1022 2460 quid

98 2457 136 2521 sit
158 2473 299 2525 remanet
321 2461 473 2544 ignotum.
497 2460 580 2526 Talis
603 2475 707 2526 autem
731 2474 777 2525 est
813 2464 936 2549 propria
971 2483 1038 2528 το-Ι

101 2547 196 2627 gnitio
219 2569 298 2637 quae
323 2549 362 2614 de
384 2549 451 2616 Deo
475 2550 607 2616 babetur
642 2571 697 2636 per
732 2549 1023 2618 demonstrationes.

100 2633 165 2702 Non
189 2653 235 2702 est
258 2650 361 2702 autem
385 2659 441 2704 nee
465 2640 520 2704 ista
544 2639 583 2704 ad
607 2639 747 2706 ultimam
786 2640 920 2706 bominis
953 2639 1020 2706 feli·

99 2724 221 2792 citatem
243 2726 409 2806 sufficiens,

56 2823 60 2834 ”
164 2815 205 2882 Ea
229 2815 312 2880 enim
336 2837 414 2902 quae
437 2831 508 2882 sunt
531 2815 659 2902 alicujus
689 2816 802 2902 speciei
837 2818 1020 2903 perveniunt

100 2900 255 2970 adfinem
278 2905 359 2970 illius
381 2906 492 2991 speciei
517 2918 549 2972 ut
572 2906 603 2971 in
629 2905 778 2988 pluribus,
801 2926 837 2971 ea
855 2927 928 2971 sero
940 2926 1020 2992 quae

99 3007 169 3058 sunt
193 3014 210 3058 a
234 3007 353 3070 natura,
365 3007 437 3058 sunt
458 3015 582 3082 semper
596 2995 642 3059 vel
660 2996 690 3058 in
707 2994 857 3080 pluribus,
874 2995 1022 3060 deficiunt

99 3095 201 3146 autem
224 3081 255 3147 in
273 3082 468 3168 paucioribus
485 3097 610 3170 propter
626 3083 761 3169 aliquam
779 3085 1021 3169 corruptionem.

101 3167 238 3236 Felicitas
261 3184 366 3236 autem
382 3185 427 3236 est
440 3172 508 3237 finis
524 3172 678 3239 humanae
691 3172 815 3256 speciei,
826 3193 897 3238 eum
913 3193 1022 3240 omnes

101 3255 243 3325 bommes
264 3261 362 3346 ipsam
379 3262 558 3326 naturaliter
571 3260 757 3326 desiderent.
774 3262 913 3328 Felicitas
930 3263 1022 3347 igitur

101 3361 145 3412 est
167 3348 324 3435 quoddam
345 3369 512 3415 commune
549 3350 666 3415 bonum
690 3351 835 3434 possibile
859 3353 1021 3440 provenire

102 3435 152 3523 (l)
174 3437 319 3504 omnibus
342 3439 531 3520 bominibus,
566 3439 623 3504 nisi
646 3438 764 3504 accidat
787 3441 941 3526 aliquibus
965 3442 1024 3506 im-

140 3541 176 3612 (l)
195 3542 321 3600 Pottitile
336 3545 486 3613 provenire,
505 3545 522 3598 i.
541 3559 564 3599 e.
583 3544 654 3616 quod
673 3551 759 3616 potest
788 3548 936 3618 provenire.
