2494 3970
203 219 245 284 dl
511 238 568 284 ιιιι.
592 239 632 285 ιιι.
656 239 719 284 car.
742 239 823 285 mur.

201 307 269 374 Non
292 318 337 372 est
348 306 441 392 igitur
451 319 553 373 motus
576 307 652 373 caeli
673 329 690 373 a
714 322 822 382 natura
845 308 922 374 sicut
938 327 954 373 a
971 308 1129 398 principio.

200 398 310 472 activo,
330 395 386 462 sed
409 397 538 482 magisa
561 397 730 464 substantia
743 397 943 484 intelligente.

268 486 355 564 ltem,
385 483 478 550 Omni
513 487 612 552 motui
646 486 698 572 qui
733 500 780 552 est
813 507 830 552 a
866 500 974 552 natura
1004 488 1125 554 sicuta

201 576 350 666 principio
374 577 471 640 activo
495 588 615 662 oportet
638 574 733 662 quod,
756 577 780 640 si
798 596 937 642 accessus
953 575 992 640 ad
1008 576 1126 662 aliquid

201 683 248 734 est
270 665 428 743 naturalis,
451 684 589 730 recessus
612 663 651 728 ab
685 663 796 731 eodem
829 667 867 732 sit
889 665 1070 730 innaturalis
1092 679 1126 728 et

202 769 307 823 contra
331 768 483 830 naturam3
505 754 584 818 sicut
606 773 699 838 grave
722 755 839 820 accedit
862 754 1008 819 deorsum
1032 766 1124 818 natu·

202 847 318 918 raliter,
341 841 456 906 recedit
478 855 582 908 autem
600 841 672 906 inde
688 857 795 908 contra
811 857 964 908 naturam.
980 842 1012 908 Si
1029 843 1124 927 igitur

201 948 304 1002 motus
326 931 403 996 caeli
425 943 506 996 esset
525 931 681 1009 naturalis,
704 951 775 996 cum
799 932 904 998 tendat
926 931 1123 998 adocciden·

202 1035 264 1090 tem
288 1019 477 1098 naturaliter,
499 1035 605 1086 contra
629 1034 769 1086 naturam
793 1022 832 1086 ab
856 1021 1013 1088 occidente
1035 1040 1123 1086 rece·
1233 1021 1234 1050 ³

204 1113 281 1178 dens
305 1113 336 1175 in
359 1110 510 1174 orientem
534 1109 648 1175 rediret
674 1110 736 1196 (l).
761 1109 824 1176 lloc
847 1125 950 1175 autem
984 1123 1031 1174 est
1063 1110 1124 1175 im-

203 1199 359 1289 possibile;
381 1198 413 1262 in
436 1211 523 1264 motu
545 1201 629 1263 enim
652 1199 774 1264 caelesti
798 1199 874 1264 nihil
892 1213 938 1266 est
953 1199 1123 1264 violentum

204 1307 235 1356 et
257 1301 363 1356 contra
386 1299 537 1353 naturam.
562 1288 757 1376 Impossibile
775 1289 925 1372 estigitur
939 1287 1023 1372 quod
1038 1288 1124 1373 prin-

204 1381 319 1468 cipium
342 1377 473 1442 activum
498 1391 599 1442 motus
621 1377 760 1443 caelestis
776 1378 814 1442 sit
824 1391 943 1443 natura.
963 1376 1013 1442 Est
1031 1377 1124 1462 igitur

206 1467 390 1557 principium
413 1467 545 1532 activum
569 1465 635 1551 ejus
657 1467 760 1552 aliqua
783 1468 827 1532 vis
850 1465 1072 1554 apprehensiva
1092 1480 1124 1530 et

204 1578 261 1643 per
296 1555 485 1622 intellectum
518 1575 658 1634 movens,
692 1569 726 1620 ut
763 1575 800 1620 ex
834 1554 996 1642 praedictis
1030 1567 1125 1640 patet.

205 1647 344 1713 Moretur
367 1645 459 1730 igitur
481 1665 593 1732 corpus
622 1644 762 1710 caelestis
795 1643 1004 1710 asubstantia
1033 1644 1124 1708 intel·
1233 1705 1234 1713 ,

206 1735 308 1802 ctuali.

272 1823 339 1888 Non
362 1833 465 1886 tamen
481 1835 527 1887 est
542 1820 718 1906 negandum
736 1834 854 1886 motum
870 1820 1035 1886 caele-stem
1055 1840 1124 1886 esse
1234 1805 1236 1882 l

206 1912 387 1978 naturalem.
410 1911 529 1976 Dicitur
552 1913 636 1975 enim
649 1930 716 1976 esse
731 1911 840 1997 aliquis
853 1924 954 1976 motus
966 1909 1124 1987 naturalis,

206 2022 269 2066 uon
292 2000 393 2066 solum
417 2013 542 2086 propter
571 2000 703 2066 activum
734 2001 930 2087 principium,
952 1998 1007 2064 sed
1030 1999 1124 2064 etiam
1234 1983 1235 2048 3

206 2105 330 2177 propter
352 2089 518 2176 passivum
548 2091 625 2154 sicut
658 2102 741 2175 patet
763 2089 795 2153 in
817 2090 1017 2173 generatione
1050 2089 1124 2153 sim-

206 2179 331 2267 plicium
346 2197 522 2264 corporum,
545 2197 625 2263 quae
647 2178 773 2263 quidem
788 2197 849 2242 non
862 2190 962 2264 potest
985 2176 1045 2242 dici
1068 2197 1125 2240 na·

207 2268 312 2334 taralis
336 2267 454 2331 ratione
477 2268 615 2354 principii
638 2266 737 2332 activi.
760 2267 899 2331 Moretur
921 2267 1005 2332 enim
1021 2264 1053 2330 id
1068 2287 1123 2330 na·-

207 2356 345 2422 turaliter
367 2376 384 2420 a
408 2355 557 2442 principio
581 2355 679 2420 activo
691 2355 778 2440 cujus
794 2356 978 2442 principium
990 2355 1124 2420 activum

205 2459 251 2510 est
275 2446 364 2516 intrat
387 2457 496 2509 natura
518 2443 602 2510 cnim
625 2460 671 2510 cst
693 2445 876 2532 principium
906 2457 1008 2509 motus
1031 2444 1061 2508 in
1085 2463 1124 2508 eo

205 2535 237 2598 in
261 2553 323 2620 quo
345 2546 401 2598 est.
424 2533 612 2620 Principium
636 2547 739 2599 autem
762 2533 894 2598 activum
929 2533 961 2598 in
994 2551 1125 2618 genera-

206 2623 289 2687 tione
311 2621 457 2708 simplicis
480 2622 618 2709 corporis
652 2635 700 2687 est
720 2636 815 2687 extra.
849 2622 917 2687 Non
951 2633 998 2686 est
1030 2620 1125 2705 igitur

205 2711 352 2776 naturalis
375 2712 494 2776 ratione
517 2711 660 2798 principii
681 2711 779 2789 actiri,
803 2711 858 2776 sed
880 2711 982 2776 solum
1005 2711 1124 2776 ratione
1236 2763 1237 2770 ,

205 2799 345 2887 principii
369 2801 491 2887 passivi,
515 2799 600 2886 quod
623 2813 668 2864 est
702 2799 840 2878 materia·
863 2800 911 2865 cni
933 2799 1013 2864 inest
1034 2814 1124 2868 natus

204 2889 277 2954 ralis
300 2889 451 2975 appetitus
474 2877 513 2952 ad
529 2887 661 2953 sormam
674 2887 855 2956 naturalem.
871 2887 922 2953 Sic
933 2907 1008 2972 ergo
1022 2904 1125 2954 motus

204 2977 343 3043 caelestis
366 2978 514 3064 corporis,
537 2989 686 3063 quantum
709 2978 749 3042 ad
772 2977 909 3064 activum
929 2976 1126 3063 principium,
1183 2971 1190 2986 '

205 3087 268 3132 non
292 3080 338 3132 est
361 3065 518 3142 naturalis,
541 3065 596 3132 sed
618 3067 716 3152 magis
741 3066 931 3132 voluntarius
955 3077 986 3131 et
1008 3065 1126 3130 intelle·

205 3155 323 3231 ctaalis3
346 3168 496 3240 quantum
520 3175 593 3220 vero
616 3156 655 3220 ad
679 3156 862 3242 principium
886 3154 1052 3242 passivum,
1081 3171 1129 3219 est

206 3243 364 3320 naturalis3
380 3264 452 3308 nam
465 3265 577 3332 corpus
600 3244 732 3310 caeleste
755 3245 849 3310 lrabet
864 3241 1035 3308 naturalem
1049 3243 1127 3330 apti·

206 3331 345 3398 tudinem
370 3331 409 3397 ad
437 3330 528 3397 talem
564 3347 694 3398 motum.
728 3331 793 3398 lloc
829 3345 932 3396 autem
957 3331 1128 3426 manifeste

257 3456 297 3526 (l)
315 3453 365 3508 llic
381 3455 407 3507 S.
426 3455 540 3508 Thomas
557 3456 675 3524 loquitur
699 3455 842 3508 secundum
861 3457 1059 3510 astronomicam
1072 3456 1132 3510 Pto·

206 3530 299 3586 lumaei
316 3527 472 3594 doctrinam,
491 3534 554 3580 tunc
573 3526 697 3598 temporit
715 3526 793 3596 vulgo
811 3533 952 3596 receptam.
994 3583 999 3592 ,
