2494 3970
485 271 541 316 tiu.
566 269 607 314 ιιι.
631 269 694 316 car.
719 271 758 316 ut.
1018 253 1061 317 97

139 341 278 422 rationis,
290 361 326 406 ert
342 359 404 428 quo
420 339 531 406 dicitur
545 340 673 420 malum,
688 340 744 406 sed
755 359 792 406 ex
809 350 917 406 natura
934 341 1062 407 actionis

34 464 36 469 ·
138 433 190 498 vel
215 431 336 498 habitus
359 429 492 496 ordinati
523 429 563 495 ad
586 429 721 515 aliquem
738 430 1062 518 finemquirepuguat

123 520 247 587 -debitn
269 520 323 586 lini
346 517 484 597 rationis3
506 519 585 584 sicut
607 519 703 583 homo
726 537 836 585 caecus
858 531 904 584 est
926 519 1061 586 hominis

137 609 348 699 intlividuum,
398 627 462 672 narn
497 607 529 671 in
567 620 717 694 quantum
741 621 787 673 est
808 625 929 686 caecus,
951 608 1006 674 sed
1028 609 1060 672 in

136 711 291 788 quantum
315 709 361 763 est
382 697 434 762 hic
458 697 563 774 hom03
587 708 617 760 et
640 695 816 762 irrationale
831 710 877 762 est
889 697 1060 763 differentia

135 787 293 868 animalis,
315 807 378 854 non
401 797 527 874 propter
550 785 752 872 privationem
769 785 906 864 rationis,
930 785 985 851 aeti
1010 805 1059 852 ra-

135 879 224 944 tione
235 877 303 943 talis
316 889 445 942 naturae
458 873 496 939 ad
509 895 602 961 quam
614 875 754 960 sequitur
767 875 899 940 remotio
921 876 1060 941 rationie

136 967 245 1034 Potest
278 967 370 1031 etiam
394 964 453 1030 dici
476 963 560 1051 qnod
583 963 758 1029 Aristoteles
782 963 854 1030 dicit
891 965 1008 1030 malum
1031 978 1062 1029 et

135 1056 258 1122 bouum
267 1075 335 1122 esre
350 1073 476 1140 genera,
498 1073 561 1118 non
574 1051 747 1118 seeundum
764 1053 922 1139 propriam
943 1053 1061 1141 opinio-

134 1163 225 1222 nem,
261 1165 333 1210 cum
357 1145 436 1208 inter
457 1142 556 1229 prima
580 1140 688 1207 decem
712 1161 826 1226 genera
852 1143 903 1232 (iu
927 1163 1059 1228 quotum

135 1233 278 1320 quolibet
300 1233 454 1298 invenitur
477 1230 578 1317 aliqua
601 1231 817 1306 contrarietas)
837 1251 873 1295 ea
898 1251 960 1296 non
986 1253 1060 1297 con-

135 1336 294 1401 numeret,
316 1321 372 1388 aed
395 1320 565 1387 secundum
588 1320 766 1406 opinionem
791 1319 1058 1406 Pythagoricum

135 1413 242 1500 posuit
267 1411 383 1478 bonum
400 1422 430 1476 et
443 1409 560 1474 malum
583 1409 761 1494 esseprima
774 1426 887 1492 genera
907 1422 937 1474 et
960 1411 1059 1494 prima

135 1502 300 1588 principia,
323 1514 353 1566 et
375 1499 406 1564 in
431 1512 562 1583 utroque
584 1517 693 1562 eorum
715 1498 816 1582 posuit
845 1517 912 1563 esse
950 1497 1058 1564 decem

135 1591 248 1677 prima⁴
274 1589 436 1655 contraria:
471 1588 529 1654 tub
564 1586 647 1651 bono
674 1585 811 1672 quidem,
838 1584 971 1665 linitum,
993 1607 1059 1674 par,

135 1699 249 1756 unum,
272 1679 427 1754 dextrum,
452 1675 670 1753 masculinum,
693 1677 865 1761 quiescens,
880 1689 997 1741 tectum
1014 1677 1060 1741 lu·

135 1787 218 1847 cem,
242 1767 427 1853 quadratum
450 1778 481 1832 et
504 1766 612 1831 ultimo
628 1765 757 1842 bonum;
779 1765 836 1830 suh
861 1765 943 1830 malo
956 1777 1059 1831 autern

135 1858 323 1932 inlinitum,
343 1857 454 1944 impar,
492 1855 621 1942 plurale,
659 1853 827 1932 sinistrum,
863 1853 1058 1932 femininum,

135 1959 269 2021 motum,
293 1966 434 2022 curvum,
458 1944 614 2022 tenebrae,
638 1942 734 2008 altera
759 1955 845 2028 parte
869 1942 991 2028 longius
1030 1959 1060 2009 et

133 2037 247 2102 ultimo
269 2035 399 2101 malurn.
422 2034 475 2099 Sic
496 2047 612 2108 auteur,
635 2045 665 2096 et
689 2033 719 2096 in
743 2031 883 2118 pluribus
907 2032 1058 2098 librorum

131 2123 312 2210 logicalium
335 2124 421 2203 locis,
445 2123 539 2188 utitur
562 2119 710 2207 exemplis
733 2120 904 2186 secuudum
935 2133 1058 2186 senten-

132 2215 210 2278 tiam
248 2213 379 2280 aliorum
419 2211 686 2299 pbilosophorum,
724 2211 810 2296 quasi
840 2210 1056 2296 'probabilibus

133 2302 308 2368 secundum
345 2300 421 2368 illud
458 2314 590 2386 tempus.
634 2335 672 2355 κ-
697 2298 794 2364 Habet
817 2311 920 2364 tamen
944 2312 975 2364 et
998 2301 1058 2364 lroc

135 2391 254 2458 dictum
281 2391 418 2478 aliquam
453 2391 624 2467 veritatem3
645 2409 717 2454 narn
741 2387 930 2475 impossihile
958 2402 1004 2454 est
1026 2390 1058 2453 id

134 2481 220 2567 quod
241 2480 443 2634 probabiliter
465 2479 586 2557 dicitur,
609 2477 780 2543 secundum
804 2490 902 2542 totum
918 2497 986 2543 esse
1002 2477 1057 2542 lal-

135 2591 217 2635 sum.
271 2569 391 2636 mnium
414 2569 498 2634 enim
522 2568 749 2632 contrariorum
773 2585 870 2631 unum
894 2579 940 2631 est
956 2566 1055 2653 perlo-

133 2671 219 2723 otum
257 2672 289 2724 et
325 2658 454 2726 alterum
493 2657 690 2734 diminutum,
728 2657 815 2742 quasi
852 2655 1055 2742 privationem

132 2746 302 2833 quamdam
327 2746 446 2813 liabens
469 2746 650 2821 admixtam;
666 2744 860 2810 sicutalbum
873 2744 1054 2810 etcalidum

132 2850 206 2902 sunt
228 2835 374 2924 perlecta,
396 2834 544 2920 frigidum
569 2853 642 2899 tero
666 2847 696 2898 et
711 2833 842 2917 ‘nigrum
858 2833 1056 2919 suntimper·

133 2923 222 3003 fecta,
245 2926 330 3012 quasi
355 2943 426 2990 oum
451 2923 622 3012 privatione
643 2921 822 3007 significata.
862 2921 940 3003 Quia
979 2942 1054 3006 ergo

133 3015 235 3080 omnis
258 3013 423 3079 diminutio
457 3026 488 3078 et
511 3012 641 3098 privatio
664 3010 869 3076 adtalionem
887 3009 959 3074 mali
983 3029 1053 3097 per-

129 3104 219 3181 tinet,
241 3103 346 3168 omnis
372 3115 475 3166 autem
500 3099 647 3187 perlectio
671 3113 701 3164 et
724 3099 989 3187 complementum
1013 3101 1053 3164 ad

132 3193 285 3258 rationem
324 3192 408 3270 boni;
445 3207 569 3276 semper
590 3190 621 3253 in
646 3189 805 3254 contrariis
829 3187 958 3252 alterum
997 3191 1054 3254 sub

132 3281 256 3346 ratione
278 3281 352 3346 boni
375 3279 497 3364 videtur
519 3277 753 3365 comprehendi,
776 3277 906 3342 alterum
931 3276 970 3341 ad
1005 3297 1052 3341 ra-

131 3370 249 3434 tionem
274 3369 346 3436 mali
371 3367 530 3446 accedere,
553 3379 583 3431 et
605 3365 776 3432 secundum
801 3367 860 3432 hoc
883 3365 1000 3432 bonurn
1023 3381 1054 3430 et

133 3459 251 3524 malum
275 3479 388 3542 genera
412 3457 637 3524 contrariorum
654 3455 792 3522 omniurn
810 3475 877 3521 esse
901 3455 1052 3520 videntur.

199 3547 258 3613 Pet
282 3549 340 3615 hoc
363 3547 455 3614 etiam
480 3559 561 3634 patet
586 3546 717 3634 qualiter
747 3544 864 3612 melum
901 3558 1053 3631 repugnat
