2452 3970
232 231 295 298 lto
558 249 644 293 nin.
667 249 709 292 rn.
734 247 798 292 orn.
822 248 889 292 xtn.

231 319 484 386 commixtionem
508 317 744 395 elementorum,
767 330 800 382 nt
824 316 962 382 habitum
985 331 1034 383 cst
1056 318 1091 404 (l.
1120 319 1152 397 2,

233 432 260 475 c.
285 409 343 495 δι)
366 409 444 496 (non
468 419 514 472 εει
539 421 642 472 autem
669 406 812 493 possibile
836 419 869 470 ut
893 405 959 472 talis
984 408 1078 472 virtus
1103 429 1155 473 su-

233 519 289 586 pra
317 496 487 564 materialia
526 495 687 578 elevetur),
725 495 825 582 posuit
859 495 943 580 qnod
981 495 1155 562 intellectus

234 587 387 674 possibilis
410 599 516 650 noster
538 606 698 670 uunquam
724 585 818 671 possit
840 585 1002 670 pervenire
1040 586 1080 650 ad
1108 587 1155 650 in·

233 674 414 762 telligendas
437 674 621 740 substantias
646 689 812 760 separatam
835 675 1051 761 posuittamen
1068 675 1155 761 qnod

234 763 488 844 nos,secundum
512 777 623 828 statum
654 766 822 848 praemutis
861 763 950 840 vitae,
989 784 1155 848 possumus
1217 760 1218 824 l

232 853 418 920 substantias
430 865 584 936 separatas
610 851 792 936 intelligere
815 851 897 939 quod
911 851 1036 937 quidem
1050 867 1156 918 osten·

232 945 308 1009 dere
331 942 485 1006 nitebatur
508 942 567 1006 boc
591 941 695 1005 modo:

289 1029 539 1115 Unumquodque
555 1030 679 1115 quaudo
698 1031 870 1115 pervenerit
887 1029 926 1094 ad
942 1030 1159 1115 courplemen-

234 1133 300 1184 turn
325 1120 355 1184 in
368 1140 421 1184 sua
435 1121 633 1204 generatione
656 1131 687 1184 et
709 1118 748 1182 ad
772 1118 910 1184 ultimam
935 1119 1159 1206 perfectionem
1217 1121 1218 1142 l

235 1229 309 1274 enee
333 1208 531 1286 substantiae,
554 1207 760 1294 complebitur
782 1209 920 1294 operatio
942 1209 1066 1294 propria
1091 1229 1160 1284 sne,

236 1300 300 1365 sive
315 1297 393 1368 actio
414 1299 478 1362 sive
491 1299 603 1382 passio:
619 1299 697 1361 sieut
709 1297 791 1362 enim
803 1298 939 1383 operatio
954 1298 1159 1362 substantiam

235 1389 384 1475 sequitur,
407 1388 448 1451 ita
472 1386 658 1471 operationis
681 1385 828 1471 perfectio
851 1384 1072 1472 perlectionem
1084 1388 1161 1454 sub·

236 1478 376 1553 stantiae3
400 1473 483 1540 unde
506 1475 634 1552 animal,
657 1495 727 1540 cum
743 1474 958 1540 lueritextoto
975 1473 1159 1560 perlectum,

236 1568 348 1652 poterit
372 1584 483 1652 perse
521 1563 690 1628 ambulare.
726 1563 900 1630 intellectus
933 1581 1036 1628 autern
1072 1565 1159 1630 babi-

238 1655 338 1733 tualis,
361 1655 414 1738 qui
438 1651 514 1717 nihil
536 1667 584 1716 est
606 1653 795 1738 aliudquam
818 1653 935 1739 species
949 1654 1158 1737 intelligibiles

236 1743 334 1810 factae
356 1763 412 1829 per
445 1741 633 1806 intellectum
661 1756 814 1826 agentem,
830 1741 994 1808 existentes
1016 1745 1047 1805 in
1071 1743 1158 1808 intel-

238 1833 318 1898 lectu
344 1829 493 1917 possibili,
517 1833 654 1915 operatio
679 1846 724 1898 est
759 1831 882 1916 duplex:
907 1829 982 1905 Una,
1013 1844 1046 1894 ut
1070 1830 1161 1898 iaciat

153 1930 155 1938 '
237 1920 389 1986 intellecta
414 1921 444 1984 in
484 1921 617 2005 potentia
656 1940 723 1984 esse
756 1919 908 1986 intellecta
947 1933 1026 1996 actu,
1064 1940 1159 2006 quam

238 2009 333 2074 babet
370 2028 408 2073 ex
445 2023 531 2093 parte
569 2008 739 2074 intellectus
773 2010 902 2092 agenore
939 2007 1075 2074 secunda
1114 2021 1161 2074 est

236 2097 411 2182 intelligere
434 2097 586 2162 intellecta
611 2099 640 2160 in
665 2111 745 2175 actm
769 2098 845 2163 haec
867 2099 951 2162 enim
977 2097 1040 2162 duo
1064 2099 1161 2163 bomo

238 2201 338 2274 potest
362 2185 462 2251 lacere
490 2206 545 2270 per
579 2187 717 2252 habitum
753 2186 1002 2252 intellectualem.
1026 2186 1160 2268 Quando

134 2301 137 2314 ε
237 2277 331 2360 igitur
353 2274 559 2361 complebitur
581 2277 739 2359 generatio
774 2275 955 2341 intellectus·
975 2275 1004 2340 iu
1041 2275 1159 2351 babitu,

238 2364 444 2449 complebitur
478 2364 600 2448 inipso
640 2378 770 2451 utraque
808 2366 1047 2449 praemissarum
1086 2384 1161 2454 ope·

238 2454 403 2518 rationum.
427 2452 557 2539 Semper
573 2467 676 2518 antem
692 2453 809 2518 accedit
832 2452 872 2518 ad
896 2453 1160 2540 complementum

239 2561 314 2608 snae
337 2543 553 2627 generationis,
587 2546 663 2606 dum
702 2563 797 2608 novas
834 2542 953 2629 species
990 2541 1162 2608 intellectas

239 2631 379 2718 acquirit3
417 2644 448 2694 et
485 2631 528 2695 sic
551 2651 678 2695 necesse
704 2645 750 2696 est
783 2631 867 2717 qnod
897 2629 1084 2717 quandoque
1106 2651 1162 2716 ge·

228 2721 358 2786 nerano
380 2719 582 2805 compleatur,
616 2719 674 2784 uisi
709 2722 747 2784 sit
783 2718 1051 2806 impedimentum,
1089 2722 1162 2806 quia

238 2809 323 2874 nulla
346 2809 505 2894 generatio
529 2822 574 2872 est
598 2808 636 2872 ad
660 2807 815 2875 infinitum
839 2808 981 2874 tendens.
1016 2807 1162 2894 Comple-

239 2899 322 2964 bitur
344 2899 437 2982 igitur
459 2897 645 2984 quandoque
668 2911 797 2983 utraque
820 2899 1037 2984 operationum
1075 2899 1165 2964 intel·

240 2987 338 3053 lectus
376 2988 406 3052 in
446 2986 564 3063 babitu,
599 3007 654 3072 per
692 2987 752 3052 boo
774 2988 857 3072 quod
881 2988 986 3052 omnia
1010 2986 1166 3054 intellecta

240 3097 272 3142 ru
296 3076 431 3162 potentia
454 3074 544 3150 faciet
567 3075 597 3138 ln
622 3089 690 3140 actu
714 3076 812 3162 (quod
828 3087 874 3140 est
902 3075 1168 3162 complementum

239 3166 358 3252 primae
396 3165 609 3252 operationis),
648 3178 679 3228 et
714 3185 770 3250 per
809 3165 868 3229 boo
906 3165 991 3248 quod
1014 3164 1168 3251 intelllget

242 3253 346 3324 omnia
370 3252 573 3338 intelligibilia
595 3267 734 3340 separata
757 3265 787 3318 et
812 3273 875 3318 non
899 3268 1053 3342 separata.

311 3340 388 3407 Cum
424 3358 526 3407 autern
563 3343 738 3408 intellectus
776 3340 929 3428 possibilis
967 3363 1030 3408 non
1069 3345 1168 3431 possit

243 3429 417 3517 intelligere
441 3431 629 3498 snbstantias
653 3446 808 3518 separatas
828 3430 895 3516 jam
917 3431 1169 3518 (l),secnndnm

293 3533 337 3608 gl)
351 3535 421 3604 dem,
440 3537 458 3590 i.
476 3552 500 3591 e.
516 3536 570 3606 jnm
589 3551 668 3606 nnuc,
686 3551 733 3596 sen
751 3537 778 3592 in
796 3541 867 3592 statu
885 3539 1030 3608 praesentis
1049 3539 1129 3594 ritae.
