2452 3970
375 247 431 315 tin.
454 271 495 315 nr.
519 270 583 316 cnr.
607 271 684 315 triv·
946 251 1003 317 181

79 352 133 419 εει,
155 339 249 404 Deus
273 359 322 404 res
345 359 453 404 omnes
477 341 508 404 in
543 360 610 407 esse
633 338 786 425 produxit,
809 360 870 406 non
894 360 931 406 ex
955 363 1009 406 ne·

79 430 229 496 cessitate
251 441 392 504 naturae,
414 429 469 494 sed
493 450 547 516 per
562 430 749 496 intellectum
767 442 797 495 et
813 430 1013 495 voluntatem.
1069 439 1071 446 ‘

78 518 263 585 Intellectus
285 532 388 583 autem
412 533 442 582 et
479 519 641 584 voluntatis
679 518 777 604 lpsius
815 539 877 584 non
914 534 1014 604 potest

77 629 147 674 esse
173 609 258 672 alins
281 608 350 673 linis
374 607 498 672 ultimus
521 609 581 673 nisi
605 607 726 674 bonitas
750 607 826 693 ejus,
851 619 884 672 ut
898 609 1015 673 seilicet

77 717 150 761 eam
177 697 277 762 rebus
297 697 509 762 ¹eommunicet
522 699 600 764 sieut
623 718 660 761 ex
683 697 859 783 praemissis
879 711 1016 782 apparet.

78 787 140 850 Res
167 798 278 850 autern
293 786 473 872 participant
486 786 620 851 divinam
635 786 805 852 bonitatem
820 805 874 872 per
887 785 1014 850 modum

77 873 311 950 similitudinis
334 874 516 960 inquantum
538 877 623 962 ipsae
646 888 717 940 sunt
740 875 851 940 bonae.
866 873 897 938 ld
912 889 1017 940 autern

79 964 169 1048 quod
196 978 244 1029 est
269 964 403 1028 maxime
427 963 544 1029 bonum
570 965 601 1028 in
615 964 708 1029 rebus
720 965 829 1029 creatis
842 978 888 1029 est
899 964 1016 1028 bonum
1111 971 1114 984 “

80 1054 206 1117 ordinis
232 1053 377 1130 universi,
400 1053 484 1139 quod
518 1066 564 1117 εει
598 1055 734 1118 maxime
766 1052 949 1140 perlectum,
983 1066 1017 1118 ut

80 1141 300 1228 Philosophus
323 1141 396 1206 dicit
418 1142 612 1229 (liletapbys.‚
637 1144 688 1220 ll,
713 1156 784 1208 text.
809 1163 922 1208 comm.
948 1143 1017 1227 Βῆ),

82 1232 133 1294 oui
172 1232 270 1296 etiam
304 1245 454 1297 consonat
476 1232 577 1296 divina
605 1231 772 1318 Scriptura,
795 1253 866 1298 eum
895 1234 1019 1298 dieitur:

90 1320 179 1384 Vidit
206 1320 289 1384 Deus
320 1332 430 1385 cuneta
466 1342 545 1404 quae
577 1322 703 1405 fecerat,
738 1333 767 1384 et
800 1333 890 1386 arunt
924 1322 1017 1387 valde

86 1408 182 1484 bonis,
208 1408 297 1486 Gen,
323 1410 352 1483 l,
376 1411 427 1485 51,
442 1431 512 1475 eum
528 1410 567 1474 de
582 1411 709 1493 singulis
726 1411 870 1496 operibus
891 1410 1017 1476 dixisset

86 1497 276 1584 simpliciter
298 1498 381 1584 quod
405 1512 496 1564 erant
527 1499 616 1564 bonu.
640 1499 762 1563 Bonum
787 1500 878 1584 igitur
901 1499 1017 1566 ordinis

87 1607 198 1651 rerum
223 1601 396 1653 creatarum
421 1609 438 1652 a
461 1589 528 1654 Deo
552 1602 598 1652 εει
621 1587 651 1651 id
667 1587 750 1672 quod
768 1602 815 1652 est
835 1589 1019 1673 praecipuae

87 1675 222 1741 volitum
247 1689 277 1740 et
301 1678 452 1742 intentum
477 1701 494 1743 a
526 1677 603 1742 Deo.
628 1675 709 1741 Nihil
740 1691 843 1742 autem
868 1676 950 1741 aliud
974 1691 1021 1742 est

89 1765 271 1846 gubernare
294 1767 428 1852 aliquam
446 1787 511 1831 rem
529 1785 621 1854 quant
638 1766 666 1829 ei
689 1764 831 1830 ordinem
848 1767 1020 1850 imponere.

90 1853 160 1938 lpse
185 1855 281 1938 igitur
304 1855 387 1920 Deus
411 1857 514 1921 omnia
545 1877 601 1922 suo
624 1854 780 1920 intellectu
804 1869 834 1920 et
864 1855 1022 1922 voluntate

93 1943 261 2026 gubernat.

162 2033 315 2120 Amplius,
332 2032 582 2120 Unumquodque
598 2031 760 2097 intendens
776 2034 909 2114 aliquem
926 2033 1022 2099 finem·

95 2123 199 2206 magis
223 2135 310 2186 curat
332 2122 371 2186 de
387 2143 424 2187 eo
448 2122 531 2208 quod
548 2136 593 2187 est
609 2121 809 2208 propinquius
822 2123 875 2186 lini
900 2123 1019 2199 ultimo,

97 2211 171 2291 quia
196 2212 258 2276 hoo
280 2224 327 2276 est
350 2213 441 2278 etiam
469 2211 538 2276 finis
572 2212 714 2278 aliorum.
752 2210 880 2276 Ultimus
915 2225 1018 2276 autem

98 2297 169 2364 lruis
194 2300 317 2364 diuinae
341 2301 504 2366 voluntatis
532 2313 577 2365 est
600 2300 720 2366 bonitas
744 2301 851 2386 Ipsina,
875 2301 922 2366 eni
948 2321 1019 2387 pro·

97 2387 337 2473 pinquissimum
362 2391 392 2453 in
416 2389 509 2454 rebus
538 2389 647 2454 creatis
671 2402 716 2453 est
749 2389 866 2454 bonnm
901 2391 1018 2455 ordinis

98 2478 192 2542 totius
217 2477 361 2556 universi,
392 2498 462 2542 oum
488 2477 647 2543 ordinetur
669 2478 706 2542 ad
731 2477 831 2564 ipsum
866 2479 943 2544 sieut
978 2480 1017 2544 ad

100 2562 196 2631 linem
222 2585 316 2632 omne
339 2567 521 2652 particulare
545 2568 662 2633 bonum
678 2565 769 2652 hujus
792 2567 839 2634 vel
855 2569 938 2633 illius
960 2570 1016 2646 rei,

98 2656 177 2718 sieut
200 2655 303 2720 minus
332 2655 501 2741 perlectum
528 2656 689 2721 ordinatur
721 2654 760 2721 ad
790 2656 820 2721 id
854 2657 936 2744 quod
971 2672 1017 2724 est

100 2742 277 2824 perieulum
301 2744 384 2808 unde
408 2757 438 2808 et
471 2745 627 2830 quaelibet
661 2764 730 2831 para
763 2746 917 2810 invenitur
950 2766 1018 2810 esse

100 2845 226 2919 propter
249 2853 339 2898 suurn
365 2847 473 2898 totum.
498 2832 530 2897 ld
554 2835 645 2919 igitur
669 2833 753 2920 quod
777 2834 911 2899 maxime
933 2850 1020 2900 curat

102 2916 187 2986 lleus
210 2922 241 2986 in
264 2921 357 2987 rebus
380 2923 489 2988 creatis
513 2935 558 2987 εει
583 2921 660 2987 ordo
684 2923 829 2988 universi.
855 2923 906 2988 Est
928 2923 1021 3009 igitur

102 3009 295 3090 gubernator
319 3011 422 3098 ipsine.

169 3099 257 3180 ltem‚
286 3099 450 3182 Quaelibet
483 3117 532 3164 res
566 3111 667 3163 ereata
702 3100 902 3186 consequitur
934 3122 1023 3168 suam

102 3184 242 3253 ultimam
266 3188 486 3276 perlectionem
518 3207 573 3274 per
609 3188 820 3273 operationem
855 3192 1024 3278 propriam;

104 3292 174 3341 nam
198 3287 319 3364 oportet
342 3276 424 3363 quod
449 3276 574 3342 ultimus
601 3276 670 3341 finis
693 3289 723 3342 et
747 3276 894 3364 perfectio
916 3287 960 3346 rei
985 3283 1024 3346 sit

101 3364 151 3448 *rel
174 3367 238 3451 ipsa
262 3367 399 3452 operatio
430 3365 477 3430 vel
500 3366 686 3452 operationis
718 3369 867 3432 terminus
897 3385 949 3435 aut
978 3371 1023 3436 eo

105 3448 210 3520 leetus.
234 3457 346 3522 Forma
377 3475 460 3534 uero,
493 3454 664 3520 seeundum
688 3475 781 3542 quam
815 3477 865 3522 res
888 3473 942 3538 est,
977 3477 1022 3526 est

106 3541 251 3623 perfectio
274 3545 384 3633 prima,
414 3557 446 3610 ut
477 3556 560 3632 patet
593 3545 624 3610 in
661 3544 798 3612 seeundo
836 3546 876 3614 de
913 3550 1022 3614 Anima
