2514 3972
393 233 450 277 arn.
476 231 609 294 nrqelr.
634 231 693 276 otri.
717 229 752 274 rr
776 233 832 277 etv.
1003 209 1062 276 :tlt

144 296 192 364 bis
215 298 397 386 dupliciterz‘
419 323 481 366 uno
506 295 615 378 modo‚'
649 321 686 364 ex
710 300 769 364 boe
793 298 874 388 quod
900 319 954 385 per
977 301 1091 386 spiri--

143 387 241 453 tuales
264 388 450 456 substantias
475 392 550 456 talea
573 409 698 467 causae,
721 389 814 455 nrotlo
839 388 927 453 nobis
959 389 1067 453 lucon-

142 491 241 555 sueto‚
265 483 303 542 ad
328 479 468 566 proprios
493 481 619 546 ellectus
653 493 861 566 apponuntur;
900 476 984 541 unde
1018 477 1066 541 irr-

141 567 343 648 geniosorum
368 569 521 634 artificum
546 589 641 655 opera
667 570 743 632 mira
772 567 955 643 redduntur,
993 586 1065 630 eum

141 655 181 719 ab
224 655 290 720 aliis
329 677 391 722 non
433 659 601 745 percipitur
625 657 768 744 'qualiter
802 669 980 742 operarrtur;
1004 655 1065 720 alio

140 743 247 820 modo,
271 765 309 810 ex
347 747 406 812 boe
440 749 523 832 quod
559 766 672 812 causae
711 747 880 821 naturales,
906 743 1065 830 appositae

140 831 180 896 ad
219 833 344 898 allectus
382 835 502 922 aliquos
530 833 760 922 producendos,
795 831 911 920 aliquid
945 833 1064 896 virtutis

139 922 310 986 sortiuntur
333 943 370 988 ex
394 926 452 990 boe
475 925 557 1011 quod
580 938 652 989 sunt
675 925 877 988 instrumenta
918 920 1061 1007 spiritua·

138 1009 215 1074 lium
240 1013 492 1091 substantiarunr3
516 1029 545 1078 et
568 1013 628 1078 boe
652 1012 750 1098 magis
781 1013 898 1078 aceedit
936 1010 975 1076 ad
1016 1031 1063 1076 ra-

139 1099 258 1166 tionem
282 1103 431 1168 miraculi.

457 1277 626 1346 eleut
665 1276 739 1345 etv.

256 1456 346 1537 Qttoci
368 1477 463 1542 opero
485 1477 647 1543 moqorom
662 1477 722 1520 nou
745 1465 816 1521 aaut
839 1455 938 1519 saltim

281 1565 320 1612 co
341 1547 542 1631 impressione
564 1548 721 1612 celestium
743 1564 916 1646 corpqrum.

203 1721 340 1789 Fuerunt
362 1737 465 1789 autem
488 1724 614 1810 quidam
631 1722 754 1788 dicente
777 1722 862 1810 quod
878 1719 1056 1808 hujusmodi

135 1829 230 1896 opera
254 1813 343 1878 nobis
367 1813 517 1879 nrirabilie
541 1833 621 1900 quae
645 1831 699 1899 per
723 1824 803 1878 artes
821 1811 956 1896 magicas
979 1809 1057 1876 fiunt

135 1919 198 1963 non
222 1899 260 1966 ab
283 1901 436 1988 aliquibus
459 1903 669 1988 spiritualibus
693 1900 770 1966 liunt
794 1900 984 1978 substantiis,
999 1901 1056 1964 aed

133 2007 172 2052 ex
196 1990 306 2054 virtute
329 1991 507 2056 caelestium
532 2009 709 2078 corporum3
733 1991 829 2074 cujus.
851 1989 984 2074 signum
1011 1989 1054 2054 ri-

133 2076 224 2140 detur
246 2078 330 2164 quod
353 2080 391 2144 ab
415 2081 628 2146 exercentibus
653 2078 829 2164 hujusmodi
865 2097 959 2163 opera
983 2079 1056 2142 stel-

131 2165 232 2230 larum
256 2182 356 2232 certus
379 2169 455 2234 situs
494 2169 715 2245 consideratum
741 2167 928 2232 adhibentur
965 2167 1057 2230 etiam

131 2255 285 2339 quaedam
304 2256 470 2322 herbarum
495 2271 526 2322 ct
549 2258 679 2322 aliarum
704 2256 912 2342 corporalium
948 2274 1054 2320 rerum

131 2343 243 2408 auxilia
281 2347 368 2432 quasi
410 2346 449 2411 ad
484 2345 736 2433 praeparandam
773 2344 950 2409 inleriorem
984 2341 1055 2408 ma·
1138 2345 1140 2352 ⁴

133 2435 241 2498 teriam
257 2434 295 2498 ad
308 2435 535 2521 suscipiendam
560 2433 751 2500 iolluentiam
774 2435 892 2498 virtutis
904 2431 1054 2498 caelestis.

132 2519 197 2586 lloe
220 2536 324 2588 autem
349 2543 493 2610 expresse
517 2524 696 2590 adversatur
719 2521 950 2610 apparentibus.

199 2608 276 2676 Cum
299 2613 382 2676 enirn
408 2633 469 2678 non
493 2613 531 2678 sit
555 2611 699 2698 possibile
721 2631 758 2676 ex
793 2611 948 2697 aliquibus
985 2629 1053 2676 eor-

131 2701 234 2784 poreis
257 2702 415 2788 principiis
438 2701 625 2766 intelleotum
649 2701 780 2775 causari,
814 2715 847 2764 ut
882 2719 975 2785 supra
998 2700 1053 2785 (c.

129 2787 189 2874 at)
227 2790 391 2874 probatum
426 2805 483 2866 est,
522 2789 713 2875 impossibile
750 2789 901 2876 estquod
926 2787 1054 2853 effeetus

129 2881 182 2962 qui
206 2891 279 2942 sunt
302 2879 417 2966 proprii
453 2878 680 2958 intellectualis,
703 2896 832 2942 naturae
866 2897 903 2941 ex
941 2879 1052 2942 virtute

129 2965 271 3030 caelestia
293 2969 432 3054 eorporis
455 2982 631 3032 causentur.
656 2965 689 3030 lu
728 2965 909 3050 hujusmodi
947 2978 1052 3030 autem

129 3057 360 3141 operationibus
392 3075 559 3141 magorum
593 3067 743 3142 apparent
780 3053 932 3139 quaedam
971 3074 1052 3138 quae

128 3151 201 3208 'sunt
222 3146 347 3236 propria
370 3147 528 3210 rationalis
551 3161 711 3210 creaturae
735 3162 839 3230 operm
878 3140 1051 3208 redduntur

127 3233 212 3297 enim
236 3253 382 3319 responsa
406 3235 445 3300 de
468 3233 555 3299 luatis
578 3233 706 3299 sublatis
729 3236 821 3298 etde
844 3231 910 3296 eliis
946 3230 1051 3314 hujus-

128 3321 224 3396 modi;
247 3323 332 3408 quod
356 3343 417 3388 non
442 3336 545 3409 posset
582 3323 649 3387 lieri
688 3320 745 3386 nisi
770 3341 825 3409 per
848 3319 1049 3386 intellectum.

127 3409 195 3476 Non
220 3412 313 3496 igitur
335 3424 499 3477 estverum
512 3431 621 3476 ornnes
634 3409 810 3497 hujusmodi
829 3410 955 3478 eftectus
982 3409 1049 3476 sola

128 3501 240 3566 virtute
262 3500 440 3566 coelestium
463 3519 630 3587 corporum
652 3499 783 3568 causari.
868 3561 870 3569 ,

173 3587 205 3661 S.
235 3589 289 3656 tl.
315 3590 460 3657 Summae
483 3590 563 3656 Part.
589 3591 623 3657 V.
646 3591 677 3656 ᾖ.
961 3587 999 3654 Ἥ
