2514 3972
226 223 293 289 stu
517 243 571 290 mn.
604 241 644 288 m.
674 241 737 288 can.
766 216 833 286 exit.

228 327 357 380 naturae
395 329 520 378 currere
543 310 625 398 quod
649 310 817 376 substantia
841 306 1054 374 intellectualis
1073 325 1146 377 'om-

228 401 320 468 nibus
342 395 409 468 eliis
442 401 538 466 utitur
577 413 701 486 propter
734 421 778 466 se:
817 397 865 464 uel
898 397 937 462 ad
970 397 1147 478 intellectus

228 490 460 576 perlectionem,
483 489 554 574 quia
577 490 607 553 in
625 492 675 553 eis
696 495 854 554 ueritatem
877 488 1064 573 speculatum
1100 489 1149 554 vel
1243 529 1244 556 3

229 578 268 644 ad
291 599 366 644 suae
389 579 508 644 virtutis
531 579 744 643 executionem
772 590 803 642 et
836 577 980 642 scientiae
1013 576 1150 664 explice-

228 668 356 745 tionem,
379 668 418 732 atl
442 666 570 734 modum
594 687 656 752 quo
681 665 788 732 artifex
811 665 943 749 explicat
965 666 1039 731 ortis
1074 687 1152 732 suae

131 806 135 814 .
229 757 463 842 conceptionem
503 755 534 822 in
569 756 695 821 materia
730 753 893 842 corporali
918 754 966 820 vel
995 755 1152 822 etiamad

225 847 366 932 corporis
388 844 643 911 sustentationem
678 844 761 930 quod
797 856 843 908 est
877 843 998 908 unitum
1025 845 1153 910 animno

230 934 438 1010 intellectuali,
461 934 539 999 sicut
562 935 592 998 iu
612 933 794 998 ‘lrominibus
829 945 919 1018 putet.
953 931 1154 998 llanilestum

231 1037 276 1088 est
310 1022 403 1106 igitur
439 1022 524 1107 quod
563 1037 687 1107 propter
717 1020 903 1088 substantias
926 1019 1153 1088 intellectuales

230 1111 334 1176 omnia
358 1111 503 1178 divinitus
526 1111 734 1198 providentur.
841 1102 847 1128 ¹
971 1113 977 1125 '

298 1199 445 1285 Amplius,
467 1201 559 1282 Quod
582 1200 691 1282 aliquis
716 1210 841 1285 propter
861 1218 895 1264 se
918 1200 1038 1284 quaerit
1066 1219 1153 1266 sem·

234 1290 441 1376 percurreris
464 1290 671 1376 quotlcnim
711 1301 837 1374 propter
874 1308 908 1352 se
947 1302 993 1352 est
1026 1308 1156 1375 semper

233 1392 290 1453 esc
325 1377 408 1464 quotl
443 1397 516 1444 vero
551 1378 659 1464 eliquia
683 1391 808 1463 propter
831 1375 914 1441 aliud
937 1378 1056 1462 quaerit
1087 1398 1154 1442 non

225 1487 311 1554 opus
345 1480 391 1532 est
429 1467 513 1552 quod
552 1485 675 1552 semper
713 1479 853 1552 quaerat,
885 1465 940 1530 secl
979 1466 1156 1532 secundum

235 1554 319 1641 quotl
352 1556 499 1642 competit
531 1556 559 1620 ei
584 1568 708 1640 propter
741 1557 824 1638 quoti
864 1557 1045 1639 quaeritur.
1078 1555 1155 1620 Esse

236 1658 338 1710 auteur
378 1664 482 1708 rerum
521 1664 559 1708 ex
593 1643 694 1707 divina
727 1643 882 1708 voluntate
919 1643 1084 1726 profluxit,
1120 1655 1156 1708 ut

234 1732 505 1820 exsuperioribus
527 1733 562 1817 (l.
589 1732 619 1810 l,
641 1753 668 1797 c.
692 1733 749 1819 95)
774 1745 820 1796 est
834 1731 1039 1798 manifestum.
1063 1733 1156 1816 Quae

237 1822 329 1905 igitur
351 1841 475 1907 semper
497 1834 568 1886 sunt
592 1821 622 1885 in
646 1822 851 1886 entibussunt
868 1833 993 1906 propter
1010 1822 1156 1888 seaDeo
1247 1821 1248 1826 ’

237 1910 338 1986 uolits3
371 1929 450 1996 quae
474 1923 576 1975 nutem
601 1930 663 1973 non
687 1929 811 1994 semper
839 1924 919 1986 sunt,
943 1931 1004 1976 non
1028 1924 1156 1997 propter

237 2019 281 2075 ee,
315 1998 369 2063 sed
409 2011 533 2084 propter
567 1998 660 2062 aliud.
685 1997 878 2064 Substantias
901 2011 1004 2063 autem
1035 2000 1157 2066 intelle·
1248 1981 1249 2048 l

236 2086 351 2152 ctuales
376 2086 510 2152 maxime
534 2087 682 2152 accedunt
699 2086 736 2150 ad
755 2088 815 2152 lroc
837 2086 920 2170 quod
944 2089 1003 2152 sint
1019 2108 1156 2175 semper,

239 2175 310 2262 quia
334 2188 406 2240 sum
430 2175 686 2261 incorruptibiles
709 2189 780 2240 sunt
803 2190 905 2240 autem
919 2177 1081 2243 mutabiles
1104 2199 1158 2244 so·

238 2265 301 2330 lum
326 2264 496 2329 secundum
520 2264 713 2330 electionem.
740 2264 820 2348 Ergo
844 2265 1032 2330 substantiae
1067 2265 1158 2332 intel·

238 2353 384 2418 lectucles
407 2352 619 2438 gubernantur
642 2364 767 2439 propter
789 2373 833 2430 se,
855 2351 932 2416 aliae
945 2370 1158 2444 veropropter

239 2461 333 2507 tsas.

252 2463 271 2529 p
304 2530 371 2596 Nou
395 2540 441 2594 est
464 2541 566 2594 autem
590 2529 618 2593 ei
653 2527 736 2614 quod
775 2529 950 2614 praemissis
986 2532 1159 2600 rationibus

239 2631 285 2684 est
307 2633 464 2684 ostensum
479 2619 663 2682 contrarium
677 2617 758 2702 quod
783 2638 891 2684 omnes
909 2631 1009 2705 partes
1023 2622 1160 2689 universi

205 2762 209 2787 ,
239 2707 278 2774 ad
302 2705 522 2792 perlectionem
546 2706 637 2770 totius
661 2707 853 2772 ordinentur.
877 2707 928 2773 Sic
954 2712 1037 2774 enim
1074 2711 1160 2798 quod

239 2795 278 2862 ad
301 2795 521 2884 perlectionem
546 2795 636 2860 totius
660 2815 769 2859 omues
792 2809 893 2880 partes
916 2799 1100 2865 ordinantur
1129 2801 1161 2865 in

238 2900 389 2972 quantum
414 2905 475 2950 una
498 2882 630 2948 deseruit
652 2883 751 2959 alteru
772 2886 851 2950 sicut
875 2886 905 2950 in
934 2907 1064 2973 corpore
1101 2888 1163 2956 hu·

238 2993 332 3045 mano
348 2987 474 3060 apparet
489 2973 572 3059 quod
597 2973 703 3058 pulmo
728 2973 758 3037 in
783 2974 842 3038 hoo
865 2989 912 3040 est
935 2975 974 3040 de
998 2974 1164 3061 perlectio-

239 3083 280 3130 ne
302 3063 440 3145 corporis
462 3060 544 3147 quod
568 3061 702 3126 deservit
724 3061 809 3126 cordi
834 3063 896 3148 (l),
921 3063 1005 3128 unde
1027 3084 1091 3130 non
1116 3079 1166 3132 est

292 3169 332 3236 (Ι)
347 3167 386 3219 Er
404 3167 467 3220 hoec
485 3166 628 3220 assertione
646 3181 746 3218 necnon
773 3173 801 3219 et
819 3169 908 3222 multis
927 3171 983 3223 aliis
1002 3185 1070 3239 quae
1088 3170 1115 3222 iu
1135 3171 1164 3226 S.

239 3239 466 3304 Thomac,sicutet
475 3244 636 3290 caelet-orum
650 3237 873 3304 scholasticorum,
887 3242 1011 3310 operibus
1021 3249 1167 3296 occurrunt
1248 3291 1249 3294 ,

238 3311 358 3365 concludi
377 3315 461 3378 potest
480 3309 648 3362 naturalistas
669 3309 746 3376 hujus
766 3313 892 3380 temporis
911 3328 964 3364 nou
983 3319 1036 3366 tam
1065 3312 1166 3368 alienos
1248 3315 1249 3318 ’

232 3383 319 3435 ,luisse
337 3397 416 3450 quam
435 3381 513 3448 vrtlgo
531 3380 647 3432 creditur
667 3383 841 3434 recentiorum
865 3383 999 3436 doctrinae
1022 3383 1091 3436 circa
1117 3399 1165 3436 ve·

238 3469 299 3504 rum
317 3453 450 3518 sanguinis
468 3452 494 3502 in
512 3465 622 3518 corporo
639 3467 744 3516 munus,
762 3468 841 3520 quam
861 3455 938 3507 nimis
958 3453 1069 3506 lideulcr
1087 3469 1166 3523 prae·

240 3521 532 3588 mamentianos,
551 3521 592 3574 vet
618 3522 698 3591 paulo
716 3529 779 3576 ente
795 3539 857 3578 eum
889 3527 1005 3580 totaliter
1020 3527 1167 3581 iuvenum.
