2462 3968
280 210 336 256 tta.
362 209 404 253 ru.
429 209 492 254 car.
518 209 612 253 uxrvr,
636 207 672 250 ar
693 208 808 252 curru.
950 189 1015 254 995

68 291 120 343 est
138 278 284 364 provide
300 279 474 365 aliquorum
492 277 717 343 ordinationem
735 276 907 360 excogitare
920 298 1014 364 quam

66 367 102 432 in
129 369 180 430 eis
208 369 346 453 operari.
370 367 401 432 Si
425 369 517 452 igitur
539 367 624 432 Deus
647 366 679 430 in
697 366 840 430 omnihus
857 379 1014 452 operatur,

64 456 153 520 sicut
179 476 284 542 supra
308 458 349 538 (a,
374 457 431 542 67)
448 471 605 520 ostensum
621 469 678 533 est,
700 455 804 519 necin
821 454 880 518 hoe
897 455 1014 541 aliquid

66 544 140 629 ejus
168 545 320 629 dignitati
343 546 519 629 derogatur,
542 545 616 630 quin
641 547 703 608 imo
727 543 859 628 pertinet
883 544 920 607 ad
946 544 1013 628 ejus

66 633 296 699 universatem
320 649 350 700 et
371 655 525 699 summam
552 635 691 698 virtutem
717 631 780 719 (i),
807 632 1012 698 nullomodo

66 721 322 809 despiciendum
347 737 393 788 est
415 725 442 787 ei
467 723 513 788 vei
531 724 595 808 ejus
612 723 790 806 dignitatem
807 722 1013 787 commaculat

65 811 91 874 si
117 814 214 876 circa
257 814 332 878 haec
367 811 532 897 singularia
566 811 745 876 immediate
785 810 1012 898 providentiam

68 900 210 966 haheat.
518 975 520 980 s

138 990 241 1067 item,
264 987 373 1054 Omnis
409 989 531 1075 sapiens
566 989 617 1075 qui
657 988 784 1076 provide
806 1009 862 1052 sua
897 989 1010 1056 virtute

67 1077 185 1156 utitur,
213 1080 246 1142 in
282 1079 402 1162 agendo
441 1078 618 1142 moderatur
651 1097 725 1142 suae
761 1077 878 1142 uirtutis
902 1099 1011 1156 usum,

68 1166 233 1232 ordinans
257 1167 295 1231 ad
312 1167 384 1252 quid
402 1181 432 1232 et
447 1181 596 1253 quantum
614 1168 781 1253 proveniat,
798 1166 884 1245 alias,
907 1169 1010 1246 ‚virtus

67 1255 99 1318 iu
117 1257 256 1340 agendo
280 1257 460 1342 sapientiam
477 1276 537 1320 uon
550 1267 740 1340 sequeretur.
757 1255 882 1320 Constat
906 1268 1009 1320 auteur

69 1363 108 1408 er
134 1345 323 1430 praemissis
336 1345 419 1431 quod
443 1345 547 1408 divina
560 1344 665 1419 virtus,
679 1345 710 1407 in
726 1343 896 1429 operando,
911 1365 1009 1431 usque

70 1432 109 1496 ad
135 1435 255 1498 infima
285 1453 388 1498 rerum
425 1434 573 1520 pervenit.
598 1433 693 1516 igitur
726 1433 827 1496 divina
858 1433 1007 1519 sapie-ntia

70 1535 116 1584 est
141 1524 323 1587 ordinative
359 1523 410 1609 (ἓ)
433 1523 484 1608 qui
509 1536 539 1586 et
562 1535 636 1606 quot
661 1535 691 1584 et
717 1521 847 1606 qualiter
881 1523 1008 1608 exejus

70 1611 189 1676 uirtute
217 1612 454 1698 progrediantur
470 1609 605 1688 effectus,
621 1613 713 1676 etiam
730 1613 762 1673 in
776 1609 1007 1676 intimis'rebus.

72 1697 123 1762 Est
148 1701 249 1785 igitur
273 1702 340 1786 lpse
364 1701 540 1764 immediate
564 1721 618 1764 sua
648 1699 840 1786 prouidentia
864 1699 1005 1764 omnium

69 1805 182 1853 rer-um
211 1789 353 1854 ordinem
377 1790 564 1873 excogitans.
836 1803 838 1806 ·

139 1877 224 1942 Hinc
248 1890 294 1942 est
316 1879 399 1964 quod
423 1879 543 1942 dicitur:
569 1877 656 1958 Quae
677 1888 781 1942 cutem
797 1888 880 1956 suut,
902 1877 1005 1942 uDeo

72 1965 228 2032 ordinata
251 1979 331 2043 sunt,
356 1967 455 2044 Rom,
484 1968 535 2045 15,
574 1971 601 2044 1;
628 1982 667 2031 et:
698 1967 742 2030 Tu
763 1966 862 2049 fecisti
882 1967 1003 2050 priora,

74 2063 102 2114 et
124 2056 187 2120 itta
209 2067 283 2138 pust
303 2057 361 2120 itta
385 2057 538 2141 cupitustr}
561 2067 591 2119 et
613 2057 669 2120 hoc
698 2056 813 2140 facturn
848 2067 895 2120 eet
923 2057 1005 2140 qnod

71 2139 139 2222 ipre
162 2146 301 2223 uoluisti,
322 2145 438 2224 Judith,
461 2145 493 2223 9,
519 2144 550 2209 lt.

359 2299 543 2366 utrur
582 2277 724 2368 cxxvii.

193 2441 283 2522 Quod
312 2441 449 2506 enecatio
476 2439 599 2504 divinoe
620 2441 836 2532 prouidentiae
858 2443 894 2530 fit

221 2597 223 2604 Α
285 2527 492 2594 mediantibus
516 2530 618 2594 causis
640 2532 792 2596 secuttdis.

139 2667 369 2732 attendendum
405 2681 451 2732 est
473 2681 576 2731 autem
602 2667 684 2752 quod
709 2668 748 2732 ad
774 2667 999 2755 providentiam

75 2749 136 2817 duo
154 2759 371 2842 requiruntur,
394 2757 549 2821 ordinatio
580 2757 694 2822 scilicet
717 2771 748 2821 et
781 2755 898 2822 ordinis
929 2777 1000 2820 exe-

76 2841 168 2908 cutio,
194 2845 335 2928 Quorum
371 2847 504 2931 primum
529 2845 562 2908 fit
598 2865 653 2929 per
674 2848 816 2909 virtutem
840 2847 1000 2928 cognosci·

76 2931 224 3012 scitiuam3
239 2933 320 2998 unde
336 2937 388 3020 qui
407 2931 596 3020 perfectioris
613 2935 797 3018 cognitionis
810 2934 873 2998 sive
886 2938 1001 3018 cogita-

77 3017 270 3098 damasum,
295 3023 486 3086 ordinatores
510 3021 641 3086 aliorum
677 3023 830 3097 dicuutur3
854 3023 999 3108 sapientis

77 3107 158 3173 euim
183 3127 228 3176 est
253 3111 407 3178 ordinare.
431 3109 609 3174 Secundum
634 3131 706 3174 vero
731 3111 763 3174 tir
782 3131 837 3204 per
853 3111 997 3176 virtutem

78 3200 275 3278 operativam.
299 3201 321 3266 Ε
336 3201 490 3266 contrario
506 3215 608 3264 autem
622 3219 655 3264 sa
667 3200 760 3264 habet
774 3201 803 3263 in
818 3199 864 3264 his
876 3199 998 3266 duobus

126 3335 166 3405 (tt
184 3335 237 3392 Nec
255 3339 348 3392 iri-doe
366 3339 469 3407 aliquid
518 3339 580 3406 quin
597 3341 649 3390 imo
664 3339 788 3406 pertinet,
809 3338 827 3391 i.
844 3353 867 3390 e.
886 3343 912 3391 ct
930 3339 951 3392 si
970 3340 998 3393 iu

77 3401 123 3458 itoc
141 3409 398 3478 nihil...''derogatur,
417 3417 444 3462 et
463 3411 625 3479 quinimo...

128 3478 166 3548 (ἢ)
182 3481 227 3536 Est
246 3483 403 3549 ordination,
423 3483 439 3533 i.
458 3498 484 3533 a.
501 3482 613 3534 ordinat.

168 3555 196 3617 S.
227 3555 280 3618 tu.
308 3555 453 3620 Summae
471 3554 550 3618 rtet.
576 3554 608 3621 V.
633 3552 663 3618 2.
869 3552 908 3617 ta
