2452 3970
201 210 265 278 178
444 227 500 274 tre.
524 229 566 274 ιιι.
590 228 654 275 cnr.
677 230 757 276 ιιιιι.
781 230 817 274 ιιι
840 229 919 276 ιιιιι.

201 298 291 364 sibile
318 297 350 362 in
372 296 431 362 lrac
454 297 525 362 rita.
548 297 584 363 Et
617 297 687 364 ideo
711 298 899 384 philosophi,
922 296 977 384 qui
1009 295 1050 362 de
1072 294 1133 360 illa

201 387 345 454 felicitate
368 385 475 451 ultima
498 386 622 473 plenam
658 389 797 453 notitiam
820 386 941 452 habere
971 405 1035 450 non
1071 404 1133 472 po·

202 488 337 553 tuerent,
360 473 391 540 in
426 475 686 562 contemplatione
709 497 789 563 quae
824 489 870 542 est
905 473 1057 560 possibilis
1095 473 1132 536 ιιι

201 566 261 631 hac
296 565 355 629 vita
394 561 534 628 ultimam
570 563 746 630 felicitatem
783 563 916 630 hominis
955 575 1134 650 posuerunt

203 653 328 742 (Ethic.
355 653 407 730 l0,
430 673 456 716 c.
479 651 537 738 8).
567 652 694 741 Propter
731 655 790 720 hoc
813 655 907 718 etiam
947 653 1028 716 inter
1052 651 1133 716 alias

204 744 279 809 vitas
302 742 333 806 in
357 739 513 826 Scriptura
538 740 640 807 divina
667 743 766 827 magis
788 741 1026 827 contemplativa
1043 759 1134 806 com-

202 831 379 904 mendatur,
402 829 524 894 dicente
546 830 692 896 Domino:
724 828 830 897 Morio
867 832 1018 915 optimam
1051 849 1131 913 por·

203 933 263 987 tem
286 920 387 1004 clepit,
416 919 531 983 scilicet
560 919 856 1008 contemplationem
880 919 1018 984 veritatis
1047 937 1131 1002 poce

202 1031 263 1076 nou
286 1009 444 1094 auferetur
466 1007 506 1072 ob
530 1027 578 1082 eo,
615 1008 688 1075 Luc.
725 1010 776 1088 lo,
810 1010 865 1086 iffi
900 1007 1007 1094 incipit
1045 1009 1134 1070 enim

203 1097 423 1185 contemplatio
447 1097 580 1162 veritatis
610 1098 641 1162 in
681 1098 738 1165 hac
762 1098 832 1177 vita,
871 1096 927 1162 sed
961 1099 992 1160 in
1029 1094 1136 1160 lutura

204 1200 448 1260 consummatum
472 1185 569 1251 activa
592 1207 666 1252 vero
689 1201 719 1252 et
741 1187 839 1254 civilis
863 1187 924 1250 vita
944 1183 1037 1270 hujus
1054 1185 1136 1250 ritae

205 1276 355 1342 terminos
378 1295 443 1339 non
466 1276 698 1342 transcendunt.

511 1433 689 1502 CAPUT
728 1431 829 1500 Llllll.
1104 1441 1108 1448 '
1212 1359 1214 1464 l

242 1573 332 1657 Quod
355 1573 520 1639 Dertosam
549 1573 751 1659 procidentia
773 1573 926 1660 pudrmot
947 1574 1103 1638 universo.
1214 1605 1216 1722 p

275 1713 319 1779 Ex
343 1713 390 1778 his
413 1726 516 1778 autem
541 1734 621 1801 quae
643 1713 811 1802 praemissa
840 1726 912 1779 sunt
945 1711 1137 1779 sufficienter

207 1801 340 1868 liabetur
363 1801 447 1887 quod
471 1802 555 1868 Deus
578 1802 861 1868 rerumomnium
901 1815 946 1866 est
980 1801 1058 1879 finis3
1096 1823 1134 1868 ex

208 1911 270 1977 quo
294 1890 401 1955 haberi
425 1905 524 1977 potest
541 1891 669 1958 ulterius
687 1890 772 1980 quod
788 1891 855 1979 ipse
866 1911 922 1956 sun
938 1890 1131 1977 providentia

208 1979 361 2066 gubernat
383 1991 414 2043 et
436 1980 514 2064 regit
538 1981 690 2046 universo.
1216 2043 1217 2046 ,

275 2067 543 2154 Quandocumque
567 2070 651 2134 enim
675 2069 776 2155 aliqua
801 2067 984 2134 ordinantur
1006 2069 1045 2134 ad
1079 2069 1134 2134 nli·

208 2177 303 2244 quern
327 2155 432 2232 linem,
456 2157 562 2223 omniu
585 2157 777 2246 dispositioni
800 2157 883 2228 illius
906 2157 1066 2244 subjacent
1090 2157 1130 2223 ad

208 2266 303 2333 quern
326 2246 535 2332 principaliter
558 2249 688 2334 pertinet
711 2245 763 2312 ille
786 2245 867 2325 linis,
890 2247 969 2312 sicut
991 2247 1022 2312 in
1045 2267 1133 2312 erer-

209 2337 272 2399 citu
295 2350 431 2420 apparet;
455 2355 564 2400 omnes
587 2337 672 2400 enim
696 2348 799 2420 partes
813 2337 965 2401 exercitus
980 2349 1134 2402 eteorum

209 2441 304 2510 opera
328 2422 509 2490 ordinantur
532 2423 571 2490 ud
588 2423 705 2492 bonum
721 2424 818 2502 ducis,
834 2424 918 2510 quod
934 2437 980 2490 est
998 2425 1135 2505 victoria,

208 2513 287 2576 sicut
310 2510 342 2575 in
365 2511 508 2578 ultimum
533 2513 639 2592 finem,
663 2525 693 2578 et
722 2526 849 2600 propter
873 2515 931 2578 hoc
955 2512 1133 2581 adsdueem

208 2600 343 2687 pertinet
373 2613 471 2666 totum
507 2603 677 2668 exercitum
711 2602 897 2688 gubernare3
919 2602 1061 2668 similiter
1083 2623 1133 2670 ars

209 2708 290 2776 quae
313 2699 359 2754 est
381 2688 420 2754 de
443 2688 504 2754 fine
527 2691 659 2777 imperat
681 2703 712 2755 et
734 2690 788 2758 dat
810 2691 895 2775 leges
911 2693 969 2756 arti
991 2707 1135 2777 quaeest

209 2777 249 2842 de
273 2778 319 2843 his
343 2791 516 2866 quaesunt
539 2779 578 2844 ad
612 2779 718 2857 linem,
743 2791 776 2844 ut
798 2779 894 2844 civilis
917 2781 1052 2857 militari,
1075 2783 1134 2846 mi·

209 2865 306 2932 litaris
340 2868 486 2954 equestri,
519 2881 550 2932 et
584 2889 634 2934 ars
671 2868 888 2953 gubernatoria
924 2867 1133 2936 naviiactivae.

210 2956 289 3022 Cum
313 2955 406 3041 igitur
429 2955 533 3021 omnia
548 2957 737 3022 ordinentur
753 2958 792 3022 ad
816 2957 986 3023 bonitatem
998 2957 1135 3024 divinam

209 3046 287 3110 sicut
310 3046 342 3109 in
366 3045 461 3110 finem
496 3057 529 3109 ιιι
559 3059 735 3111 ostensum,
755 3059 802 3111 est
825 3044 882 3134 (c.
916 3047 955 3111 17
990 3059 1021 3111 et
1053 3047 1133 3125 18),

210 3147 332 3221 oportet
354 3132 438 3220 qnod
467 3131 564 3214 Deus,
591 3134 630 3200 ad
653 3154 747 3222 quem
772 3134 980 3222 principaliter
1003 3135 1054 3200 illa
1078 3137 1134 3200 bo-

210 3226 289 3288 nitas
312 3223 445 3308 pertinet
466 3223 551 3288 sicut
567 3223 809 3289 substantialiter
833 3224 935 3288 habita
959 3236 990 3288 et
1012 3224 1135 3290 intelle-

211 3325 259 3376 eta
284 3325 314 3374 et
336 3324 448 3384 amata,
473 3313 511 3376 sit
535 3312 725 3399 gubernator
749 3312 896 3378 omnium.
913 3331 1029 3378 rerum.

278 3399 396 3480 Adhuc,
420 3399 617 3488 Quicumque
639 3399 717 3466 lacit,
739 3399 855 3490 aliquid
880 3415 1007 3490 propter
1039 3401 1134 3468 linem

210 3487 308 3555 utitur
331 3488 383 3554 illo
407 3489 446 3554 ad
481 3489 586 3557 linem.
621 3487 869 3558 Ostensumest
903 3503 1007 3558 autem
1041 3511 1133 3580 supra
