2494 3970
252 244 296 309 86
493 263 548 306 tto.
573 263 614 306 ru.
640 263 703 307 citu.
725 262 814 307 xxun.
839 261 877 306 nr
898 263 997 308 xxvrn.

250 335 394 398 ultimum
417 331 519 396 linem
543 331 678 396 bominis
717 333 789 415 poni
826 351 881 416 per
917 331 1002 418 quod
1039 331 1176 396 maxime

248 421 475 508 appropinquat
502 421 541 485 ad
564 421 676 484 Deum.
702 419 761 485 Per
783 420 954 507 praedictos
988 429 1092 485 autem
1117 421 1179 486 de·

247 509 538 576 lectationesbomo
574 509 742 595 impeditur
779 531 797 574 a
835 510 969 575 maxima
1007 509 1176 595 appropio·

248 600 396 685 quatione
421 598 460 662 ad
484 599 703 683 Deum-quae
727 598 761 662 lit
784 617 839 684 per
877 597 1174 684 contemplationem

247 709 342 776 quam
367 687 502 752 maxime
520 687 695 772 praedictae
731 687 950 752 delectationes
987 685 1174 772 impediunt,

214 843 217 848 .
249 789 354 864 utpote
377 775 417 840 ad
442 777 599 842 sensibilia
623 775 756 840 maxime
782 775 940 840 hominem
979 775 1172 860 immergen-

248 881 294 932 tes
317 879 348 930 et
371 883 427 950 per
448 883 641 951 consequens
664 865 702 930 ab
727 863 969 948 intelligibilibus
1008 865 1172 930 retrahen-

249 969 305 1020 tes.
329 954 396 1018 Non
419 965 466 1018 est
489 953 582 1038 igitur
604 954 634 1018 in
668 953 923 1039 delectationibus
956 952 1172 1040 corporalibus

249 1043 379 1108 felicitas
402 1042 538 1107 bumana
563 1041 714 1128 ponenda.

316 1131 376 1196 Per
399 1131 457 1195 hoc
480 1144 584 1196 autem
611 1129 784 1195 excluditur
821 1149 909 1196 error
946 1130 1170 1216 Epicureorum

250 1222 283 1285 in
307 1221 354 1285 his
376 1219 587 1306 voluptatibus
611 1219 786 1284 felicitatem
807 1217 941 1284 bominis
974 1219 1172 1305 ponentium;

250 1329 290 1375 ex
307 1329 440 1396 quorum
463 1329 594 1395 persona
618 1307 691 1372 dicit
706 1307 862 1372 Salomon:
876 1308 941 1372 Hoc
954 1309 1058 1392 itaque
1069 1309 1174 1373 uiuent

249 1408 297 1464 erl
316 1398 393 1463 milti
417 1397 538 1472 bonum,
560 1409 594 1462 ut
616 1397 844 1480 corcodomum,
860 1409 890 1460 et
906 1396 1032 1462 dilatet
1044 1397 1174 1481 fruatur

252 1488 372 1552 laetitio
394 1506 432 1552 cc
456 1486 562 1551 labore
574 1507 671 1562 stro...;
686 1498 717 1550 et
728 1486 803 1550 bace
814 1497 859 1549 est
873 1507 951 1570 pore
965 1487 1063 1563 illiue,
1080 1486 1174 1563 licei,

253 1577 284 1654 ὅ,
298 1578 396 1658 l73et:
417 1575 533 1660 Ubique
544 1577 755 1659 relinquamus
765 1575 1171 1660 aipnuloetitiae‚qttorriaru

252 1667 328 1730 hoec
354 1677 400 1729 cat
418 1685 497 1748 pars
519 1677 637 1741 nostru,
651 1676 683 1728 ot
697 1665 772 1728 bueo
795 1673 840 1728 eat
861 1685 929 1727 sors
950 1677 1068 1741 notua,
1086 1663 1172 1750 Sap,

251 1756 283 1833 ⁹2,
295 1755 325 1818 9.
343 1753 519 1818 Excluditur
542 1756 634 1817 etiam
647 1773 735 1818 error
750 1751 1019 1818 cerinthianorum
1036 1754 1101 1838 (l),
1114 1757 1170 1838 qui

251 1845 283 1908 in
306 1843 414 1908 ultima
438 1841 580 1906 felicitate
605 1854 673 1927 post
700 1843 957 1906 resurrectionem
972 1841 1057 1906 mille
1073 1861 1176 1906 annos

250 1933 283 1996 in
297 1951 394 2015 reguo
406 1930 516 1996 Christi
530 1931 700 1996 secundum
716 1929 854 1994 carnales
869 1931 983 1995 ventris
998 1931 1174 2015 voluptates

250 2021 428 2089 fabulantur
451 2019 580 2096 futuros;
604 2018 739 2084 undeet
763 2018 926 2084 Cltiliastae
948 2019 1034 2106 quasi
1071 2019 1174 2084 Mille-

251 2111 339 2185 narii‚
364 2122 436 2174 suut
459 2109 615 2194 appellati3
639 2111 670 2172 in
694 2128 807 2192 graeco
836 2110 919 2172 eninr
954 2108 1047 2184 χίλια
1086 2109 1175 2172 idem

249 2198 400 2284 estquod
434 2199 541 2262 mille:
566 2197 776 2263 Excluduntur
810 2197 901 2262 ctiam
924 2197 1116 2262 ludaeorum
1142 2212 1174 2262 et

181 2361 183 2364 ,
248 2288 490 2364 Sarracenorum
515 2286 648 2358 fabulae.
671 2287 723 2372 qui
762 2285 981 2352 retributiones
1012 2284 1172 2370 justorum

245 2375 456 2462 io'praedictis
479 2376 686 2462 voluptatibus
701 2388 832 2463 ponunt;
849 2374 977 2440 felicitas
1008 2375 1094 2440 enim
1109 2377 1172 2440 vir-

246 2467 379 2532 tutisest
401 2466 584 2552 pruomiunt.
670 2469 677 2490 ”

519 2640 592 2706 en
644 2640 706 2704 ur
745 2588 879 2709 xxvut.

341 2818 431 2898 Quor
451 2639 643 2902 rerrcttasd

315 2996 357 3060 Ex
382 2994 544 3082 praedictis
567 3008 649 3081 patet
671 2995 755 3079 quod
778 2996 870 3061 etiarn
895 3017 952 3062 nec
974 2997 1005 3060 in
1040 2995 1173 3060 honori·
1232 2989 1233 2994 ’

248 3086 311 3150 birs-
329 3097 374 3148 est
397 3104 554 3149 summum
572 3085 705 3149 bominis
722 3085 850 3162 bonum,
866 3087 950 3172 quod
966 3098 1012 3150 est
1028 3083 1172 3156 felicitas.

317 3174 398 3237 linis
423 3175 507 3236 enim
531 3173 656 3238 ultimus
680 3173 815 3237 bominis
839 3188 869 3240 et
891 3195 946 3239 sua
983 3172 1114 3238 felicitas
1126 3188 1176 3237 est

196 3327 200 3333 ,
246 3261 311 3345 ejus
336 3260 556 3347 perfectissima
581 3263 728 3349 operatio,
748 3261 1086 3348 utex⁴superioribus
1112 3261 1171 3348 (c.

246 3351 289 3416 26
312 3365 342 3417 et
365 3351 437 3437 ⁶27)
461 3349 553 3439 pa'tct.
577 3352 684 3416 Honor
707 3364 811 3416 autem
835 3351 969 3418 bominis
1008 3371 1071 3416 nou
1093 3369 1172 3416 con·

296 3477 336 3543 (ll
357 3476 527 3541 Corinthiaci,
546 3477 582 3528 sic
600 3475 695 3528 diocia
719 3474 859 3538 Cerintho,
883 3476 984 3530 tudaeo
1006 3471 1174 3529 antiochensi

174 3571 179 3583 ·
243 3550 294 3622 qui
312 3549 365 3602 lere
384 3551 563 3618 coaequaevus
581 3545 836 3615 Apostolorum'fuit.
1232 3543 1233 3570 l

626 2837 667 2882 ort
688 2820 826 2883 consistit
845 2819 879 2883 in
901 2817 1077 2884 horroribus.
