2514 3972
415 255 472 300 ιιιι.
494 256 536 302 ιιι.
559 255 622 302 ctu.
646 257 733 302 xevn.
957 219 1022 306 50⁰

98 333 181 388 tutas
209 337 472 410 repraesentetur,
505 345 576 389 cum
600 326 666 391 sine
693 326 752 390 hoc
775 322 877 392 divina
900 326 1022 395 bonitas

96 413 134 476 sit
156 411 309 498 perfecta.
334 412 419 479 Unde
450 412 533 498 quod
555 429 713 480 creaturae
736 414 767 476 in
806 433 874 480 esse
909 418 1023 504 produ-

97 513 218 580 cantur,
242 503 303 567 etsi
326 523 363 567 ex
385 501 505 568 ratione
531 501 652 568 divinae
689 503 831 568 bonitatis
869 505 1021 589 originem

97 588 247 668 habeant,
272 605 375 656 tamon
398 610 436 656 ειι
458 590 589 676 simplici
613 591 670 658 Dei
687 591 843 656 voluntate
859 591 1022 679 dependet.

97 676 270 765 Supposito
294 693 396 745 autem
418 679 501 766 quod
523 679 606 744 Deus
643 681 791 746 creaturis
814 699 902 745 suam
936 683 1022 748 honi-

98 779 192 832 tatem
216 771 460 842 communicare,
497 769 666 834 secundum
691 768 774 854 quod
799 781 845 833 est
867 771 1024 854 possibile,

98 855 167 921 velit
192 878 252 943 per
276 856 481 923 similitudinis
505 857 645 934 modum,
669 877 705 922 ex
730 857 789 922 ltoc
805 857 955 924 rationem
973 881 1024 926 ac·

97 943 168 1029 cipit
192 946 283 1030 quod
305 946 366 1012 sint
387 959 544 1011 creaturae
575 946 724 1022 diversne3
760 966 822 1010 non
857 960 1023 1015 autemst
1053 950 1055 958 ’

98 1038 285 1099 necessitate
307 1035 444 1120 sequitur
468 1017 551 1120 qdod
574 1034 745 1100 secundum
770 1035 850 1100 lianc
874 1037 920 1101 vel
937 1037 1021 1103 illam

98 1121 299 1206 perfectionis
324 1143 499 1188 mensuram
515 1137 567 1188 aut
582 1123 752 1188 secundum
771 1124 853 1188 hunc
869 1125 919 1190 rel
935 1126 1022 1192 illum

98 1231 272 1278 nnmerum
295 1233 410 1278 rerum.
446 1211 610 1298 Supposito
632 1226 733 1278 autem
758 1232 794 1277 ex
829 1212 930 1278 divina
967 1235 1025 1281 uo·

96 1297 216 1366 luntate
240 1300 326 1388 quod
349 1302 431 1366 hunc
454 1321 617 1368 numerum
642 1301 672 1365 in
691 1300 785 1366 rebus
802 1305 1021 1371 statuereuelit

98 1403 128 1452 et
151 1389 236 1456 banc
261 1391 426 1476 unicuique
459 1390 502 1454 rei
541 1389 736 1476 perfectionis
772 1410 960 1468 mensuram,
984 1415 1022 1460 ex

98 1475 157 1544 ltoc
180 1479 337 1544 rationem
371 1479 479 1565 accipit
508 1479 591 1564 qood
615 1479 726 1543 habeat
760 1476 893 1544 formam
928 1481 1021 1548 talem

100 1579 131 1630 et
153 1569 318 1634 materiam
349 1568 450 1632 talem.
475 1567 509 1632 Et
541 1567 681 1639 similiter
704 1567 736 1630 in
760 1568 905 1632 omnibus
929 1584 1021 1656 patet.

163 1655 361 1722 Manifestum
396 1656 488 1740 igitur
509 1656 543 1721 fit
575 1655 657 1740 quod
692 1655 794 1720 divina
830 1657 1022 1742 providentia

104 1745 280 1810 secuudum
316 1745 466 1811 rationem
504 1745 671 1829 quamdam
707 1761 757 1808 res
791 1743 958 1831 dispensat,
992 1763 1024 1814 ει

103 1843 205 1898 tamen
232 1835 310 1900 haec
346 1835 423 1900 ratio
445 1836 577 1900 sumitur
601 1853 639 1898 ex
672 1833 881 1920 suppositione
916 1837 1024 1902 volun·

104 1921 171 1986 tatis
195 1922 328 1988 divinae.

169 2009 223 2076 Sic
244 2011 337 2093 igitur
359 2031 414 2098 per
437 2010 601 2099 praemissa
615 2009 728 2097 duplex
742 2031 829 2076 error
841 2012 1023 2081 excluditur:

103 2117 212 2164 eorum
237 2101 352 2166 scilicet
375 2100 426 2185 qui
450 2100 580 2165 eredunt
606 2100 689 2186 quod
713 2099 817 2164 omnia
850 2101 1021 2188 simplicem

104 2185 292 2254 voluntatem
316 2203 483 2273 sequantur
506 2189 621 2274 absque
646 2189 775 2265 ratione,
798 2189 850 2273 qui
873 2205 918 2254 est
936 2212 1023 2257 error

101 2273 299 2361 loquentium
322 2277 352 2342 in
376 2277 444 2362 lege
467 2276 702 2352 Saracenorum,
726 2290 758 2341 ut
782 2276 880 2342 llabhi
903 2279 1024 2367 Moyses

104 2362 187 2440 dicit,
220 2367 391 2432 secundum
426 2385 503 2451 qnos
537 2365 620 2430 nulla
655 2365 824 2431 differentia
859 2382 905 2434 est
938 2370 1022 2456 quod

104 2451 182 2536 ignis
205 2455 363 2521 calefaciat
386 2468 415 2519 et
438 2453 602 2538 infrigidet,
625 2454 681 2518 nisi
705 2455 775 2538 quia
791 2455 876 2521 Deus
891 2459 931 2523 ita
947 2459 1023 2537 sule

105 2542 277 2610 excluditur
299 2546 390 2609 etiam
414 2563 631 2608 erroneorum
655 2542 707 2628 qui
731 2542 836 2607 dicunt
858 2567 1023 2613 causarum

104 2631 246 2698 ordinem
271 2653 307 2698 ex
330 2633 430 2698 divina
462 2631 650 2719 providentia
687 2632 857 2696 seeundum
893 2635 1022 2702 modum

105 2721 293 2788 necessitatis
316 2720 486 2808 provenire.
510 2720 650 2802 Quorum
675 2734 840 2806 utrumque
859 2737 940 2810 patet
952 2746 1020 2791 esse

106 2803 216 2875 falsum
239 2831 279 2878 ex
301 2811 399 2876 dictis.
933 2857 935 2865 ι

169 2899 249 2965 Sunt
271 2915 374 2965 cutem
396 2897 548 2985 quaedam
578 2896 670 2962 verba
707 2917 813 2962 sacrae
846 2897 1025 2988 Scripturas

106 3004 184 3071 quae
207 2988 349 3054 videntur
376 2986 480 3052 omnia
503 2986 633 3072 simplici
657 2985 808 3052 voluntati
848 2987 905 3052 Dei
940 2991 1023 3056 attri-

106 3072 212 3157 buere3
235 3097 315 3164 quae
338 3097 400 3144 non
434 3075 577 3140 dicuutur
600 3073 639 3140 ad
662 3075 721 3140 ltoo
746 3089 777 3139 ut
799 3076 876 3141 ratio
899 3077 1024 3144 tollatur

107 3165 354 3253 aprovidentiae
377 3165 613 3251 dispensatione,
650 3163 704 3228 sed
728 3177 761 3227 ut
783 3167 923 3231 omnium
960 3169 1022 3254 pri-

105 3271 191 3322 mum
215 3255 398 3345 principium
421 3251 478 3318 Dei
503 3251 641 3318 voluntas
665 3251 854 3326 ostendatur,
869 3255 1022 3341 sicutjam

108 3340 221 3410 dictum
244 3358 300 3422 est3
322 3345 399 3410 sicot
421 3339 507 3408 tttud:
541 3341 653 3406 Omnia
688 3361 895 3427 quoecumque
917 3347 1027 3426 voluit,

108 3429 357 3518 Dominussceit,
379 3432 503 3508 Psalm,
535 3429 608 3508 tot,
643 3430 674 3509 6,
697 3445 736 3494 et:
763 3432 837 3512 Qttia
870 3433 972 3499 dicere
996 3438 1025 3502 ei

108 3533 218 3600 potest:
243 3521 502 3609 utriculano?
535 3519 605 3602 lob,
627 3519 659 3602 9,
695 3520 746 3601 lf;
778 3535 827 3588 et:
869 3521 1024 3591 Voluntati
