2462 3968
390 251 446 295 us.
480 249 519 296 ιιι.
550 251 613 296 cnr.
642 250 726 298 cxxx.
962 233 1027 298 ‘tort

101 337 207 406 gagen
226 318 416 407 suppositam
441 321 525 385 omni
542 321 678 388 servituti
698 333 727 386 et
743 319 828 386 omni
845 319 1027 408 subjectioni

99 409 300 496 superiorem
325 406 469 495 (caelest.
494 410 586 489 Hier,
610 431 636 476 c.
660 409 706 495 8).

169 497 320 563 Secundo
344 510 446 562 autern
471 499 510 564 ab
533 511 681 586 operante
705 511 735 564 et
769 511 941 583 exequente
965 498 1025 566 dis-

98 583 253 652 tribuitur
276 600 305 651 et
329 586 548 673 multiplicatur
572 588 610 660 ad
642 589 741 653 varios
764 588 901 665 ellectum
942 589 1025 674 quod

97 675 235 761 quidem
259 675 293 740 lit
315 695 370 761 per
393 676 534 746 ordinem
573 677 734 757 Virtutum,
772 696 903 763 quarum
938 677 1027 755 ordo,
1131 717 1133 724 ·

97 777 133 828 ut
156 763 238 828 dicit
260 763 426 848 Dionysius
449 765 576 845 ibidem,
598 766 750 850 significat
772 765 940 852 quamdam
963 765 1026 831 for·

96 865 162 918 tem
191 852 370 917 virilitatem
401 853 431 917 in
470 873 579 920 omnes
614 854 780 920 deiformes
823 855 1029 942 operationes,

95 961 164 1006 uon
191 941 420 1028 relinquentem
445 944 491 1009 sui
516 944 724 1010 imbecillitate
746 944 880 1031 aliquem
915 942 1028 1008 deifor-

96 1049 186 1094 mem
202 1043 333 1096 motum.
347 1029 381 1094 Et
396 1033 530 1119 sicpstet
553 1033 635 1118 quod
652 1033 835 1120 principium
846 1032 1027 1099 universalis

97 1119 294 1205 operationis
318 1119 356 1183 sd
381 1119 463 1186 bunc
486 1121 626 1186 ordinem
652 1121 888 1207 pertinet;unde
905 1120 1027 1186 videtur

97 1208 187 1292 quod
215 1207 253 1272 ad
278 1207 360 1274 lmnc
381 1209 522 1274 ordinem
547 1211 696 1296 pertineat
720 1226 822 1276 motus
846 1210 1024 1276 caelestium

95 1315 271 1384 corporum
311 1316 349 1362 ex
383 1297 496 1382 quibus
535 1301 613 1364 sicut
650 1320 667 1362 a
705 1299 888 1385 quibusdam
927 1301 1026 1364 causis

95 1385 331 1451 universalibus
355 1402 588 1473 consequuntur
612 1388 813 1474 particulares
836 1387 962 1454 effectus
996 1388 1027 1450 in

95 1486 225 1553 natura3
249 1488 279 1540 et
302 1473 384 1547 ideo,
407 1477 534 1542 virtutes
557 1477 714 1541 caelorum
752 1477 952 1541 nominantur
973 1475 1027 1540 ubi

96 1560 216 1628 dicitur
240 1563 323 1650 quod
353 1562 486 1630 Virtutes
522 1567 678 1630 coelorum
713 1564 923 1642 movebuntur,
956 1565 1029 1628 Luc.

97 1651 152 1731 bl,
177 1654 233 1718 26.
273 1653 307 1717 tu
330 1652 369 1716 ad
392 1673 447 1718 eos
470 1655 562 1719 etiam
579 1655 703 1741 spiritus
725 1653 880 1742 pertinere
895 1651 1026 1727 ridetur,

97 1744 243 1807 executio
267 1741 442 1808 diuinorum
467 1763 596 1830 operum
621 1763 700 1829 quae
739 1756 860 1830 praeter
897 1754 1026 1806 naturae

98 1829 245 1895 ordinem
258 1829 459 1911 dunt,etidco
484 1839 539 1897 ista
552 1845 622 1897 sunt
635 1832 853 1898 sublimissima
870 1831 900 1895 in
914 1829 1025 1895 divinis

98 1919 289 1997 ministeriis
313 1934 438 2007 propter
460 1920 543 2006 quod
560 1921 632 1986 dicit
647 1921 813 2006 Gregorius
841 1919 925 2006 quod
960 1919 1025 1984 Vir-

101 2017 181 2074 tutes
203 2010 355 2088 [dictentur
378 2010 428 2073 r'llr'
449 2011 577 2094 spiritus
598 2031 655 2093 per
678 2031 752 2096 quos
775 2011 864 2094 siqua
885 2009 1027 2093 frequen-

98 2097 159 2160 tius
199 2100 278 2183 fiunt
313 2100 344 2184 (l
345 2100 380 2182 );
426 2111 467 2176 et,
501 2099 526 2184 si
562 2098 635 2184 quid
677 2098 762 2164 aliud
795 2098 1026 2163 universalem

100 2185 239 2268 primum
261 2198 308 2252 est
330 2188 361 2252 in
386 2186 561 2253 ministeriis
585 2187 695 2253 diuinis
729 2185 929 2273 exequendis,
952 2205 1027 2251 con—

102 2275 230 2339 veniens
254 2287 301 2340 est
323 2276 362 2340 ad
386 2275 468 2340 bunc
492 2276 633 2341 ordinum
659 2276 824 2362 pertinere.

170 2359 277 2428 Tertio
301 2384 374 2429 vero
398 2364 578 2430 uniuersalis
602 2365 813 2451 providentiae
836 2362 924 2442 ordo,
959 2362 1026 2448 jam

103 2449 134 2514 iu
158 2451 319 2519 effectibus
342 2454 506 2530 institutus,
530 2453 711 2518 inconfusus
748 2452 918 2518 custoditur
951 2453 1026 2516 dum

103 2539 291 2606 cohibentur
324 2561 360 2606 ea
384 2562 463 2627 quae
487 2555 612 2629 possent
635 2543 717 2608 bunc
740 2541 881 2607 ordinem
910 2554 1029 2628 pertur-

102 2626 189 2706 bare;
213 2629 422 2716 quodquidem
447 2636 579 2716 partinet
601 2631 639 2696 ad
664 2631 808 2695 ordinem
826 2630 1028 2695 Potestutum.

103 2713 193 2782 Unde
216 2717 380 2804 Dionysius
403 2720 475 2784 dicit
498 2720 613 2785 ibidem
637 2720 721 2805 quod
750 2739 865 2784 nomen
889 2718 1023 2783 Potesta-

101 2815 167 2870 tum
206 2807 348 2893 importat
361 2808 527 2894 quamdam
542 2809 620 2872 bene
645 2809 818 2872 ordinatam
848 2807 997 2872 etinconl
1019 2847 1027 2857 -

101 2895 380 2961 samcircadirinas
398 2901 607 2982 susceptiones
627 2897 863 2974 ordinationcm3
900 2910 930 2960 et
959 2895 1030 2962 ideo

105 2980 272 3068 Gregorius
295 2985 368 3050 dicit
390 2985 483 3070 quod'
498 2985 536 3048 ad
554 2986 636 3050 burte
659 2985 800 3050 ordinem
813 2985 943 3070 pertinet
959 3006 1030 3050 eon-

106 3075 215 3137 trarias
236 3087 401 3159 potestates
424 3094 538 3138 arcere.

174 3161 273 3226 lndmi
297 3163 348 3250 (l)
372 3175 475 3228 autem
501 3163 581 3226 inter
603 3161 777 3248 superiores
812 3159 1031 3228 intellectuales

107 3249 289 3316 substantias
313 3265 385 3316 sunt
410 3251 462 3336 qui
487 3251 629 3316 ordinem
666 3251 787 3315 divinae
821 3249 1032 3335 providentiae

108 3337 139 3400 in
163 3339 396 3425 particularibus
415 3341 514 3404 causis
526 3339 770 3425 cognoscibilem
798 3339 1032 3405 diuinitusacci·

160 3460 198 3525 (li
217 3461 314 3514 Hamil.
334 3459 378 3527 5t,
398 3477 455 3531 sup.
475 3461 573 3529 Evang.

160 3531 199 3604 (ἢ)
219 3532 319 3602 infimi,
341 3533 433 3604 supple
452 3531 576 3603 Spiritus.
661 3577 663 3585 ,
