2478 3972
251 255 306 302 utu.
330 255 370 300 ιιι.
394 254 457 301 aaa.
481 253 606 300 ιιιιιιιιι.
631 254 666 298 aa
689 252 828 302 uxxxunr.
940 232 1005 300 965

89 324 148 412 (l),
169 337 199 391 et
236 324 442 413 quorumdam
479 323 735 411 philosophorum
772 323 902 388 aliorum
943 323 1006 412 (l),

88 415 260 481 intellectus
281 434 377 500 agens
399 425 446 480 cst
468 413 623 500 quaedam
646 411 817 478 substantia
852 426 1003 499 separata,

87 525 164 589 quae
190 504 320 590 quidem
343 503 406 588 agit
441 502 473 568 in
496 503 614 568 animas
651 515 770 567 nostras
800 500 1004 587 inquantum

86 592 153 659 lacit
176 593 334 658 intellecta
367 594 399 658 ln
422 591 557 678 potentia
591 611 659 656 esse
682 589 836 655 intellecta
870 590 902 654 iu
923 603 1004 656 actu.

86 681 147 748 Hoc
171 696 277 748 autem
301 681 335 748 tit
358 701 413 767 per
436 679 676 746 abstractionem
700 678 740 744 ab
764 678 908 744 omnibus
942 698 1007 743 ma·

85 771 245 836 terialibus
269 769 532 859 dispositionibus,
549 782 582 834 ut
607 781 688 854 patet
711 788 748 834 ex
766 768 910 854 hisquae
926 767 1006 834 dieta

84 873 154 926 sunt
177 861 233 945 (l.
256 861 288 938 2,
311 880 337 926 c.
361 859 405 924 76
427 872 457 924 et
480 857 522 923 79
539 858 562 944 ).
576 857 668 940 Quod
691 856 784 941 igitur
806 858 869 942 agit
891 857 1007 922 directe

87 949 114 1013 in
139 949 280 1014 animam
303 968 365 1014 non
389 947 450 1032 agit
473 948 504 1012 in
527 967 596 1013 carn
612 959 1008 1033 permotumcorporeum‚

86 1037 139 1102 sed
164 1038 267 1122 magis
305 1057 361 1124 per
383 1037 622 1102 abstractionem
659 1034 698 1100 ab
723 1036 807 1102 omni
846 1053 1006 1122 corporeo.

86 1126 195 1192 Anima
223 1127 315 1212 igitur
336 1125 424 1204 caeli;
466 1125 490 1190 si
527 1127 566 1192 sit
589 1124 772 1204 animatum,
810 1145 873 1190 una
908 1137 1009 1210 potest

85 1236 152 1281 esse
176 1236 271 1280 causa
294 1213 480 1281 electionum
503 1227 679 1281 nostrarum
720 1213 769 1279 vel
793 1211 1007 1299 intelligentia·

88 1324 156 1370 rum
183 1325 242 1391 per
264 1317 383 1370 motum
408 1303 494 1369 caeli.

150 1393 215 1458 Per
236 1393 361 1458 casdem
384 1393 476 1458 etiam
500 1391 634 1458 rationes
656 1404 759 1478 potest
781 1391 904 1478 probari
920 1389 1006 1477 quod

85 1495 187 1548 motus
212 1482 288 1548 caeli
311 1501 373 1546 non
408 1481 445 1546 sit
482 1501 573 1546 causa
612 1479 795 1544 electionum
830 1493 1004 1546 nostrarum

87 1589 140 1656 per
163 1571 311 1637 uirtutem
334 1569 524 1636 substantiae
557 1579 726 1656 separatae,
758 1570 876 1655 siquis
914 1583 1008 1654 ponat

86 1660 207 1726 caelum
233 1681 294 1725 non
317 1679 385 1724 esse
419 1658 599 1737 animatum,
637 1657 733 1724 seda
765 1657 935 1724 substantia
959 1677 1008 1723 se·

87 1763 191 1833 parata
216 1749 343 1815 moueri.

354 1924 523 1992 CAPUT
557 1924 741 1994 LXXXVlll.

91 2101 179 2183 Qrtod
201 2102 393 2170 substantiae
404 2115 569 2188 separatae
583 2115 705 2168 meatur
718 2123 779 2169 aaa
791 2117 924 2190 poscant
944 2125 1009 2172 esse

91 2211 186 2259 cnara
208 2193 325 2258 directe
348 2195 527 2258 secunaum
551 2204 581 2257 at
602 2193 798 2260 voluntatum
820 2205 1009 2260 rosnarum.

151 2371 222 2436 Nou
246 2381 290 2434 cst
311 2381 414 2435 autem
439 2369 664 2434 aestimandum
689 2372 772 2456 quoti
798 2371 920 2436 animae
942 2391 1013 2438 cae·

92 2455 207 2537 lorum,
230 2459 358 2543 siquae
381 2458 452 2529 siut.
474 2457 522 2523 uel
544 2478 759 2546 quaecumque
774 2460 851 2526 aliae
868 2461 1011 2527 substan·

89 2547 146 2612 tiae
167 2547 390 2614 intellectuales
413 2560 572 2635 separatae
593 2561 714 2613 creatae
753 2550 869 2635 possint
892 2550 1009 2616 directe

89 2636 278 2704 uoluntatem
303 2636 391 2702 nobis
413 2637 578 2702 immittere
601 2648 653 2702 aut
690 2636 847 2704 electionis
884 2653 1011 2704 nostrae

90 2742 288 2792 caussasse.

158 2813 308 2880 Omnium
332 2812 415 2877 enim
438 2825 612 2878 creatorum
637 2814 772 2880 actiones
810 2813 868 2880 sub
905 2813 1015 2880 ordine

94 2898 215 2969 divinae
240 2900 448 2989 prouidentiae
471 2901 676 2980 continentum
700 2901 783 2968 untle
814 2915 936 2989 praeter
971 2903 1014 2969 le-

55 3034 58 3045 ·
94 3008 146 3072 ges
169 2992 265 3078 ipsius
288 3011 380 3076 agere
403 3011 465 3056 non
489 3004 625 3076 possunt.
649 2991 699 3055 Est
722 3003 825 3070 autem
847 2990 1013 3078 providen-

95 3079 152 3144 tiae
175 3082 225 3146 lex
249 3093 281 3146 ut
318 3079 562 3166 unumquodque
602 3079 780 3145 immediate
816 3101 834 3144 a
873 3081 1013 3167 proxima

96 3167 151 3234 sibi
175 3190 267 3235 causa
291 3180 460 3234 moueatur.
485 3167 581 3234 Causa
612 3169 705 3254 igitur
738 3169 880 3256 superior
902 3182 1015 3248 creata,

96 3257 145 3322 tali
169 3258 277 3324 ordine
311 3255 538 3345 praetermisso,
572 3277 629 3322 nec
663 3277 791 3324 morere
827 3278 885 3323 nec
923 3278 1015 3343 agere

96 3361 203 3430 potest.
238 3345 417 3412 Proximum
451 3357 554 3412 autem
592 3347 743 3412 motivum
780 3347 945 3413 uoluntatis
968 3362 1014 3414 est

163 3469 201 3539 (l)
225 3469 359 3539 Comparari.
380 3469 411 3521 de
428 3469 535 3533 Anima,
554 3485 576 3522 e.
597 3467 637 3522 l0,

163 3542 202 3612 (l)
219 3542 339 3609 Avario,
358 3540 510 3608 dalaima,
530 3541 548 3598 l.
567 3539 593 3613 5,
612 3555 706 3596 comm.
726 3541 751 3598 ll.
