2516 3968
227 261 294 326 tto
516 281 572 326 rra.
597 282 638 327 ιιι.
664 277 726 326 ιιι.
751 279 867 328 narrar.

227 363 283 428 ret3
306 348 446 436 quamvis
465 351 548 416 enim
571 351 738 416 substantia
762 349 928 438 spiritualis
961 347 1007 414 sit¹
1034 347 1147 414 melior

226 457 322 524 qnam
345 439 523 526 corporalis,
547 461 610 506 non
634 453 735 505 tamen
759 451 840 519 essct
876 437 987 504 melius
1022 438 1146 503 unirer·

225 547 295 592 sum
318 527 349 592 in
373 547 436 614 quo
473 541 575 594 essent
608 529 709 594 solum
745 529 936 596 substantiae
958 525 1146 613 spirituales,

226 614 281 680 scd
314 615 532 702 imperfectius
568 629 609 696 et,
632 618 773 704 quamtis
810 619 848 683 sit
885 615 997 682 melius
1034 615 1147 680 oculus

226 702 306 790 pede
321 704 352 769 in
365 724 496 791 corpore
518 707 669 784 animalis,
681 725 744 770 non
761 720 864 772 umen
879 717 960 772 esset
972 702 1145 788 perlectum

227 792 342 858 animal
365 793 424 858 nisi
447 794 576 860 baberet
599 795 724 862 oculum
751 807 782 861 et
816 793 939 881 pedem.
974 794 1016 858 lta
1051 794 1147 858 etiam

228 900 285 946 nec
308 881 473 948 multitudo
496 883 623 950 humani
647 884 769 969 generis
793 883 922 950 baberet
944 895 1058 948 statum
1075 901 1146 968 per·

227 968 353 1048 lectrum,
377 971 435 1035 nisi
458 985 561 1038 essent
584 973 678 1058 aliqui
707 972 901 1038 intendentes
935 971 1147 1056 generationis

228 1057 357 1159 qctibus,
378 1073 409 1124 et
432 1059 525 1148 aliqui
548 1061 589 1127 ab
611 1062 657 1128 bis
680 1059 867 1127 abstinentes
890 1074 920 1126 et
952 1059 1145 1146 contempla·

228 1152 302 1212 ttoni
328 1163 483 1214 vacantes.

293 1235 386 1318 Quod
408 1251 511 1303 autem
534 1251 644 1326 quarto
667 1238 810 1324 objicitur
832 1236 916 1325 quod
948 1255 1075 1302 neccsse
1097 1250 1147 1301 est

227 1323 370 1393 virtutem
394 1325 425 1390 in
447 1326 550 1393 medio
574 1348 654 1407 csse,
674 1328 803 1393 solvitur
826 1348 882 1414 per
904 1325 935 1392 id
955 1325 1168 1412 quodsupra'

224 1412 289 1498 jam
312 1413 352 1480 de
374 1428 553 1502 paupertate
576 1417 693 1482 dictum
717 1432 773 1483 est.
797 1416 933 1482 bladium
957 1415 1041 1480 enim
1083 1417 1145 1479 rir-

226 1502 299 1566 tutis
321 1507 384 1568 ubn
406 1504 558 1592 accipitur
578 1525 702 1592 semper
737 1505 909 1572 secundum
942 1503 1147 1590 quantitatem

231 1590 275 1655 rei
299 1609 378 1676 quae
400 1593 560 1658 ordinatur
582 1596 711 1673 ratione,
733 1594 789 1660 sed
812 1592 983 1660 secundum
1003 1591 1147 1676 regulam

227 1678 355 1746 rationis
370 1701 449 1768 quae
463 1681 602 1748 debitum
618 1682 713 1748 boam
729 1683 848 1768 attingit
860 1697 891 1748 et
901 1682 1148 1748 circumstantias

227 1771 445 1836 convenientes
469 1770 602 1836 metitur.
625 1771 660 1836 Et
683 1773 727 1837 sic
749 1772 791 1837 ab
812 1771 956 1838 omnibus
993 1788 1145 1836 venereo·

226 1875 297 1922 rum
330 1856 587 1925 delectationibus
629 1860 795 1946 abstinere,
833 1871 957 1947 praeter
978 1859 1147 1938 rationem,

226 1945 333 2010 vitium
357 1947 602 2014 insensibilitatis
624 1947 746 2029 dicitur;
783 1950 808 2015 si
832 1961 935 2014 autern
968 1946 1145 2016 seeundum

226 2034 378 2100 rationem
401 2034 465 2114 liat,
487 2037 583 2103 virtus
608 2051 664 2116 est,
699 2057 780 2123 quae
816 2038 908 2102 etiam
942 2053 1145 2102 communem

226 2121 362 2188 bominis
385 2124 514 2191 modum
536 2127 670 2204 erccdtn
691 2125 763 2194 lacit
784 2128 868 2192 euim
882 2149 884 2151 ·
897 2124 1040 2192 homines
1076 2145 1148 2191 csse

225 2210 256 2276 in
280 2212 402 2279 divinae
417 2213 551 2301 quadam
567 2215 773 2281 similitudinis
805 2214 1048 2303 participatione:
1061 2215 1147 2283 uode

224 2301 384 2386 virginitas
410 2303 536 2388 Angelis
559 2303 671 2369 dicitur
692 2323 760 2370 esse
783 2317 923 2389 cognata.
1198 2300 1205 2320 '

290 2391 336 2456 Ad
359 2391 702 2477 quintum‘dieendumq
724 2392 807 2479 quod
822 2390 1010 2458 sollicitudo
1038 2405 1070 2457 et
1091 2413 1145 2458 oc·
1240 2463 1241 2470 q

224 2479 346 2563 cupario
369 2499 462 2566 quam
485 2481 601 2548 habent
623 2481 655 2546 bi
685 2483 738 2568 qui
774 2480 920 2568 cottjugio
953 2493 1082 2548 utuntur
1104 2481 1147 2548 dc

224 2566 382 2646 uxoribus,
405 2568 475 2635 liliis
497 2583 528 2634 et
551 2571 730 2636 necessariis
752 2571 832 2636 ritae
868 2569 1076 2657 acquirendis,
1097 2585 1146 2636 est

225 2655 382 2733 continua;
404 2657 585 2744 inquietatio
607 2673 712 2724 autern
735 2679 829 2745 quarn
853 2660 949 2724 bomo
970 2659 1094 2746 patitur
1107 2679 1146 2726 ex

225 2762 328 2828 pugna
352 2747 670 2833 concupiscentiarum
702 2760 747 2812 est
781 2746 821 2813 ad
854 2747 989 2833 aliquam
1021 2747 1147 2824 nonu,

225 2849 306 2916 quae
328 2835 420 2900 etiam
443 2836 616 2902 minoratur
645 2855 701 2923 per
738 2835 798 2902 boc
831 2835 916 2922 quod
951 2837 996 2902 ets
1032 2836 1147 2924 aliquis
1239 2903 1240 2932 p

225 2938 288 2991 ιιιιιι
311 2924 472 3002 consentin
494 2943 578 3002 nam,
592 2938 715 3010 quanto
737 2924 835 3010 magis
870 2925 978 3011 aliquis
1011 2924 1145 2992 delecta·

226 3008 338 3076 bilibus
361 3013 464 3091 utitur,
487 3027 572 3078 tanto
596 3013 694 3099 magis
716 3015 826 3080 urescit
847 3013 879 3079 in
902 3011 1146 3080 endelectabilis

225 3100 403 3184 appetitus3
435 3101 633 3168 debilitantur
667 3101 750 3167 enirn
786 3102 1052 3189 concupiscentiae
1086 3124 1145 3190 per

222 3189 439 3256 abstinentiam
462 3205 492 3256 et
515 3190 575 3258 alia
597 3191 740 3256 exercitia
763 3191 932 3278 corporalia
965 3211 1045 3277 quac
1067 3211 1143 3256 con·
1238 3235 1239 3246 ι

222 3277 350 3344 veniunt
382 3278 430 3344 bis
462 3279 515 3366 qui
549 3280 755 3346 conuoentiae
789 3281 980 3366 propositum
1014 3279 1141 3350 babent.

221 3362 299 3430 Usus
322 3366 414 3432 etiam
438 3369 644 3454 corporalium
657 3368 885 3436 delcdabilium
900 3370 997 3454 magis
1013 3367 1142 3436 abducit

220 3467 357 3518 mentem
381 3474 399 3518 a
420 3475 477 3522 sua
499 3457 659 3524 altitudine
680 3469 710 3522 ct
732 3457 863 3543 impedit
896 3477 914 3524 a
949 3457 1141 3546 contempla·
1238 3449 1239 3472 ¹

222 3540 305 3604 tione
326 3541 531 3628 spiritualium
554 3563 648 3630 quam
671 3545 851 3632 inquietudo
883 3566 964 3633 quae
995 3550 1139 3633 provenit
