2452 3970
228 255 292 320 154
548 277 603 320 tro.
627 279 668 322 ur.
693 277 755 322 oar.
778 276 876 324 raum.

225 359 271 408 est
296 345 386 430 igitur
408 344 552 432 possibile
575 345 712 412 ultimam
744 347 878 412 hominis
915 342 1089 412 felicitatem
1115 347 1147 412 in

225 434 285 498 bac
308 434 368 500 rita
391 454 468 500 esse.
1091 460 1093 468 ¹

292 521 410 601 Adhuc,
432 521 533 589 Omne
556 523 638 609 quod
662 538 804 592 moretur
825 525 856 590 in
880 523 974 589 fmem
993 521 1149 588 desiderat

224 611 404 677 naturaliter
426 613 552 678 stabiliri
577 627 607 677 et
630 615 789 698 quiescere
811 613 841 678 in
865 613 928 692 lllo;
944 611 1027 676 unde
1042 632 1060 676 a
1075 611 1147 675 lnco

131 781 137 788 Ι
225 721 287 786 quo
310 721 421 788 corpus
444 701 623 766 naturaliter
660 718 802 768 movetur
839 723 901 766 non
935 700 1050 766 recedit
1087 701 1145 764 nisi

225 809 280 875 per
302 803 421 856 motum
445 790 624 868 violentum,
661 792 714 877 qui
748 791 950 856 contrariatur
986 787 1147 874 appetitui.

223 879 362 944 Felicitas
385 892 487 944 autem
511 893 556 944 est
579 881 704 945 ultimus
727 880 796 946 frnis
820 901 912 966 quem
937 879 1031 944 bomo
1055 890 1146 942 natu-

224 966 328 1032 raliter
365 967 527 1033 desiderat.
567 969 617 1034 Est
655 971 747 1054 igitur
784 969 917 1034 hominis
954 965 1146 1032 desiderium

119 1095 122 1100 -
222 1055 362 1120 naturale
384 1056 422 1121 ad
446 1057 504 1122 hoe
526 1059 610 1143 quod
634 1059 665 1122 in
689 1058 831 1124 felicitate
861 1055 1040 1122 stabiliatur.
1078 1054 1145 1120 Nisi

221 1145 315 1228 igitur
337 1165 408 1210 cum
431 1145 573 1211 felicitate
596 1148 709 1233 pariter
747 1147 1005 1230 immobiliterque
1027 1144 1145 1208 stabili·

222 1247 316 1298 tatem
339 1248 554 1320 consequatur,
578 1235 716 1301 nondum
740 1250 786 1302 est
808 1235 889 1314 felix,
905 1233 971 1318 ejus
987 1231 1145 1298 desiderio

222 1322 354 1388 naturali
391 1323 530 1388 nondum
564 1325 750 1410 quiescente.
789 1323 866 1390 Cum
904 1323 996 1407 igitur
1034 1321 1147 1407 aliquis

221 1410 397 1477 felicitatem
409 1413 615 1497 consequitur,
632 1414 746 1498 pariter
757 1414 952 1478 stabilitatem
965 1425 995 1476 et
1007 1412 1146 1496 quietem

223 1502 430 1587 consequitur;
454 1501 536 1566 unde
560 1516 589 1566 et
612 1504 752 1568 onmium
776 1503 852 1568 baec
875 1515 921 1566 est
943 1499 983 1564 de
1001 1499 1147 1564 felicitate

223 1591 382 1676 conceptio
405 1589 488 1675 qnod
510 1590 549 1655 de
572 1593 619 1656 sui
642 1592 761 1657 ratione
784 1591 979 1657 stabilitatem
997 1589 1147 1674 requiram

222 1694 348 1764 propter
369 1680 451 1764 quod
476 1678 680 1765 Philosophus
718 1680 791 1746 dicit
813 1680 946 1766 (Ethic,
970 1679 1000 1754 l,
1022 1697 1049 1742 c.
1075 1677 1146 1762 ld)

223 1767 307 1851 quod
330 1788 390 1831 non
413 1769 613 1833 aestimemus
633 1769 751 1852 felicem
786 1769 1020 1834 chamaeleonte
1042 1786 1147 1850 quem-

223 1855 308 1920 dam.
332 1855 365 1920 ln
390 1856 448 1920 rita
471 1870 574 1921 autern
599 1856 654 1921 ista
679 1873 809 1922 nonest
842 1858 943 1943 aliqua
966 1869 1047 1920 certa
1083 1869 1146 1920 sta-

223 1943 335 2019 bilitas3
358 1944 482 2010 cuilibet
505 1947 599 2022 enim,
622 1962 905 2032 quantumcumque
927 1943 998 2010 felix
1013 1943 1148 2022 dicatur,

223 2032 369 2116 possibile
391 2046 438 2098 est
460 2033 651 2098 infirmitates
673 2048 704 2100 et
727 2033 1060 2110 infortunia'oceidere,
1074 2034 1147 2118 qui-

222 2120 281 2187 bus
304 2122 470 2210 impeditur
492 2123 531 2188 ab
555 2124 743 2208 operatione,
770 2142 984 2210 quaecumque
1021 2123 1059 2186 sit
1082 2121 1147 2200 illa,

222 2211 255 2275 in
279 2231 339 2296 qua
361 2212 484 2298 ponitur
508 2211 643 2277 felicitas.
667 2213 734 2278 Non
758 2213 916 2298 igiturest
941 2209 1088 2297 possibile
1112 2213 1146 2276 in

221 2299 279 2364 bae
303 2301 362 2364 rita
387 2319 452 2364 esse
478 2299 615 2365 ultimam
640 2302 773 2368 hominis
803 2302 986 2366 felicitatem.

287 2387 433 2474 Amplius,
459 2389 681 2454 inconveniens
710 2391 829 2454 ridetur
866 2405 896 2454 et
934 2388 1145 2454 irrationabile

221 2476 305 2561 quod
329 2492 450 2564 tempus
474 2479 678 2562 generationis
702 2480 830 2564 alicujus
854 2480 897 2544 rei
921 2479 959 2542 sit
981 2497 1144 2560 maguum,

221 2581 343 2651 tempus
366 2581 468 2632 autem
492 2565 660 2632 durationis
683 2567 778 2653 ipsios
800 2569 838 2632 sit
868 2585 1008 2653 parrum;
1030 2585 1143 2652 seque-

222 2667 308 2720 retur
329 2656 412 2720 enim
437 2656 518 2742 quod
542 2669 662 2730 natura,
698 2657 730 2720 in
769 2656 876 2741 majori
900 2670 1050 2740 tempore,
1084 2673 1146 2722 suo

223 2743 285 2810 fine
309 2744 489 2829 privaretur3
513 2746 595 2808 unde
618 2744 758 2811 ridemus
781 2746 864 2832 quod
894 2744 1036 2809 animalia
1060 2763 1143 2829 quae

223 2852 318 2918 parvo
342 2847 480 2920 tempore
512 2834 618 2898 rivum
650 2855 779 2920 parrum
818 2835 910 2898 etiam
945 2847 1066 2917 tempus
1103 2833 1144 2896 ad

223 2919 283 2986 lro'c
306 2922 389 3008 quod
414 2920 610 3007 perficiantur
641 2922 766 2988 babent.
804 2922 835 2986 st
873 2936 977 2986 autem
1001 2919 1144 2986 ‘felicitas

223 3012 367 3075 consistat
391 3011 421 3074 in
446 3009 578 3096 perfecta
602 3013 780 3097 operatione
802 3009 1143 3081 seeundumrirtutem

222 3099 400 3182 perfectam,
425 3099 471 3162 rel
496 3100 731 3165 intellectualem
756 3099 804 3164 vel
827 3100 988 3173 moralem,
1025 3100 1143 3183 impos·

221 3187 310 3252 sibile
347 3201 393 3252 est
428 3207 497 3254 eam
521 3188 667 3254 advenire
690 3189 807 3255 homini
832 3188 888 3254 uisi
912 3202 980 3273 post
1018 3200 1142 3271 tempus

221 3276 412 3354 diuturnum3
436 3290 465 3340 et
488 3278 547 3342 boc
571 3279 704 3342 maxime
727 3280 758 3344 ln
781 3277 974 3363 speculativis
1003 3291 1142 3362 apparet,

219 3364 385 3450 inquibus
409 3365 514 3430 ultima
544 3364 671 3431 felicitas
705 3367 838 3432 hominis
874 3367 1007 3452 ponitur,
1046 3376 1078 3428 ut
1102 3383 1142 3430 ex

221 3454 383 3540 praedietis
407 3468 499 3540 patet;
524 3475 594 3518 nam
618 3457 665 3519 rix
693 3455 724 3519 in
763 3455 869 3520 ultima
907 3467 1005 3520 aetate
1044 3451 1141 3518 bomo

219 3542 268 3624 ad¹
285 3541 452 3629 perfectam
475 3543 715 3630 speculationem
743 3544 939 3611 scientiarum
978 3541 1141 3629 pervenire
