2462 3968
244 187 309 255 226
555 207 612 254 tra.
635 209 676 254 nr.
700 208 763 254 mr.
787 210 892 256 txxnr.

244 297 317 344 nam
335 285 420 342 tanto
443 273 609 363 perfectior
630 290 676 344 est
699 278 851 344 ordinatio
867 289 984 364 quanto
1001 276 1098 362 magis
1112 274 1153 339 de·

245 364 364 432 stendit
386 364 425 429 ad
442 365 580 443 mininam
598 367 797 434 minimorum
814 381 917 434 autam
933 367 1077 432 executio
1093 385 1154 430 aon·

245 455 333 521 decet
346 451 523 519 inferiorern
548 456 691 522 virtutem
707 456 827 522 effectui
842 457 1115 543 proportionatam.
1129 452 1155 516 ln

244 544 313 609 Deo
329 556 444 622 autem,
468 555 616 628 quantum
633 544 672 610 ad
689 559 866 633 utrumque,
882 565 1008 610 somma
1024 541 1155 630 perfectio

245 633 410 710 invenitur3
433 647 479 696 est
515 632 654 698 enimin
689 654 727 700 eo
761 634 986 720 perfectissima
1022 629 1156 719 sapientia

245 722 285 788 ad
310 719 517 787 ordinandum
541 735 572 786 et
597 721 693 788 virtu‘s
728 721 949 809 perfectissima
974 721 1015 787 ad
1041 739 1156 808 operan-

245 811 331 876 dum.
356 807 485 896 Oportet
508 829 582 894 ergo
607 811 690 896 quod
715 812 780 898 ipse
803 832 857 899 per
880 811 1066 899 sapientiam
1082 826 1156 874 suam
1196 881 1197 884 Ἴ

246 899 386 966 omniurn
410 897 534 963 ordines
557 899 708 986 disponat,
747 900 838 966 etiam
862 902 1079 975 minimorum3
1101 914 1157 960 ere·
1196 885 1197 940 l

245 1001 356 1074 quatur
380 1007 453 1052 vero
476 987 603 1052 minima
626 989 689 1054 sive
711 989 817 1068 infima
841 1011 897 1076 per
913 989 990 1054 alias
1009 986 1156 1052 inferiores
1196 959 1197 1032 l

245 1078 381 1156 uirtutes,
406 1096 460 1162 per
482 1097 558 1162 quas
581 1077 649 1164 lpse
672 1092 827 1163 operatur,
857 1079 936 1144 siout
969 1079 1070 1143 virtus
1103 1073 1157 1138 uni·

247 1165 372 1232 versalis
395 1177 426 1230 et
459 1165 549 1230 altior
583 1187 637 1252 per
671 1166 851 1232 inferiorem
886 1181 916 1232 et
951 1163 1156 1254 particularem

247 1256 400 1321 virtutem.
425 1252 617 1320 Conveniens
641 1269 687 1322 est
709 1255 801 1341 igitur
823 1257 908 1342 quod
923 1257 985 1322 sint
1010 1253 1157 1319 inferiores

246 1345 373 1409 virtutes
396 1355 532 1426 agentes,
556 1342 677 1408 divinae
699 1343 911 1431 providentiae
927 1343 1122 1410 enecatrioes.

314 1433 400 1510 item,
424 1429 590 1499 Ostensum
618 1446 664 1498 est
694 1455 787 1520 supra
811 1435 852 1519 (o.
879 1434 936 1519 56)
960 1432 1049 1520 quod
1071 1429 1157 1494 divina
1196 1453 1197 1458 ¹

249 1521 387 1608 operatio
411 1541 474 1586 non
499 1520 633 1586 excludit
656 1525 849 1609 operationes
873 1543 1040 1588 causarum
1063 1536 1156 1584 seeun-

248 1610 369 1678 darum.
394 1610 434 1674 Ea
458 1630 530 1676 vero
554 1629 634 1695 quae
658 1632 694 1676 ert
710 1611 941 1698 operationibus
962 1607 1157 1678 secundarum

247 1720 411 1765 causarum
433 1699 617 1785 proveniunt
632 1699 752 1765 divinae
767 1699 978 1786 providentiae
999 1697 1154 1782 subjacent,

249 1809 320 1854 eum
345 1788 555 1853 Deus'omnia
578 1789 745 1872 singularia
772 1788 895 1856 ordinet
929 1810 984 1876 per
1024 1789 1156 1872 seipsum,

249 1890 282 1941 ut
304 1897 396 1963 supra
419 1877 460 1960 (o.
485 1877 542 1962 76)
566 1890 723 1944 ostensum
742 1891 797 1944 εει.
814 1877 892 1942 Sunt
907 1877 1001 1964 igitur
1017 1871 1154 1944 secundae
1196 1861 1197 1944 l

250 1985 360 2032 causae
383 1964 504 2030 divinae
528 1966 738 2052 providentiae
761 1967 958 2032 executrioes.

315 2053 432 2136 Adhuc,
455 2054 578 2136 Quanto
603 2055 697 2122 virtus
713 2055 841 2140 alicujus
857 2055 975 2140 agentis
990 2069 1039 2122 est
1055 2049 1155 2147 lortius

250 2156 335 2210 tanto
358 2143 389 2208 in
413 2143 510 2228 magis
533 2157 651 2208 remota
674 2165 763 2209 suam
788 2145 1000 2231 operationem
1026 2137 1156 2212 extendit
1196 2171 1197 2220 t

248 2234 329 2298 sieut
351 2233 440 2317 ignia,
464 2245 579 2319 quanto
615 2246 661 2297 est
683 2231 793 2318 major,
821 2246 905 2298 tanto
929 2235 1028 2318 magis
1052 2238 1155 2296 remota
1196 2253 1197 2322 p

248 2320 394 2386 ealefacit.
418 2320 483 2386 Hoe
506 2335 609 2386 autem
633 2341 695 2386 non
719 2322 869 2406 contingit
897 2323 928 2386 in
953 2337 1064 2408 agente
1086 2310 1154 2403 quotl
1196 2341 1197 2378 i

249 2431 311 2475 non
335 2411 397 2493 agit
420 2429 475 2496 per
498 2410 646 2488 medium,
669 2411 740 2496 quia
764 2410 922 2496 quodlibet
945 2413 977 2476 in
999 2407 1083 2498 quod
1106 2401 1155 2486 agli

251 2512 297 2564 est
319 2499 376 2564 sibi
400 2499 586 2586 proximum.
611 2499 689 2565 Cum
723 2501 934 2585 igituruirtus
957 2499 1077 2564 divinae
1099 2511 1153 2580 pro·
1196 2497 1197 2500 ’

244 2586 403 2654 ,ιίἀειιιίεε
427 2589 465 2652 sit
487 2589 632 2664 maxima,
656 2609 711 2674 per
734 2589 835 2674 aliqua
853 2588 954 2653 media
972 2587 1012 2654 ad
1029 2587 1154 2654 ultimum

251 2677 413 2775 (lpsuam
438 2677 651 2763 operationem
675 2677 847 2764 producere
870 2677 971 2744 debet.

317 2765 466 2852 Amplius,
497 2764 541 2830 Ad
581 2766 761 2850 dignitatem
799 2767 934 2850 regentis
972 2766 1100 2853 pertinet
1129 2765 1154 2856 ul
1196 2763 1197 2788 ¹

251 2854 364 2920 habeat
386 2854 499 2919 multos
525 2853 682 2922 ministros
716 2868 746 2920 et
768 2855 905 2920 diversos
929 2856 976 2920 sui
1012 2847 1152 2944 regimine

251 2957 440 3020 executorem
464 2943 535 3028 quia
561 2956 644 3010 tanto
670 2944 759 3010 altius
783 2957 812 3009 et
836 2944 934 3028 magis
957 2963 1049 3010 suum
1072 2940 1153 3033 domt-

251 3034 337 3097 nium
372 3032 551 3096 ostendetur
588 3047 704 3118 quanto
729 3031 836 3120 plures
871 3053 902 3096 m
925 3032 1052 3099 diversis
1074 3021 1155 3115 gratit-

250 3121 309 3186 lius
332 3120 360 3186 ei
391 3119 575 3186 subduntur.
612 3122 701 3188 Nulla
739 3134 845 3188 autem
880 3120 1011 3206 dignitas
1046 3113 1154 3213 alicuius

252 3210 386 3295 regentis
407 3224 452 3274 est
483 3211 698 3296 comparabilis
721 3209 861 3295 dignitati
885 3209 982 3277 divini
1004 3207 1153 3296 regiminis.

252 3297 447 3363 Conveniens
471 3299 564 3384 igitur
587 3314 632 3366 est
655 3299 738 3386 quod
763 3319 819 3386 per
842 3299 979 3364 diversos
1006 3299 1111 3386 gradus
1130 3309 1151 3352 ι’

252 3388 392 3472 gentium
417 3387 469 3451 liat
493 3387 614 3454 divinae
639 3388 850 3476 providentiae
877 3387 1026 3456 executio.

305 3491 344 3560 (l)
363 3492 404 3544 ,td
421 3491 555 3556 ultimum,
574 3495 667 3564 supple
680 3493 791 3564 pradum
810 3493 853 3550 vel
870 3495 1016 3548 terminant.
