2516 3968
224 223 291 289 tto
408 241 412 245 ·
511 242 567 293 ιιι.
592 246 633 292 ιιι.
655 243 718 291 cnr.
743 241 849 290 orrxr.

225 312 311 379 Deos
333 313 416 380 enim
432 313 599 405 unicuique
621 315 665 381 rei
688 314 841 380 ordinavit
864 312 1000 378 actiones
1034 333 1144 380 seeun-

225 401 302 468 dum
325 403 544 492 proprietatem
566 425 641 472 snae
664 417 802 470 naturae.
833 402 933 470 Homo
966 415 1073 469 autern
1107 421 1146 470 ert

190 561 193 578 „
224 490 374 577 spirituali
398 504 429 558 et
448 495 599 580 corporali
623 507 731 559 natura
755 491 897 558 conditos
919 503 976 556 est.
999 491 1145 558 Necessa-

214 579 305 646 *riom
327 593 375 648 est
397 581 498 666 igitur,
520 583 691 649 secundum
731 581 869 647 divinam
904 578 1146 660 ordinationem,

223 681 257 734 ut
280 669 458 756 corporales
480 672 615 738 actiones
638 683 779 737 exerceat
810 684 840 736 et
862 668 1076 758 spiritualibus
1098 671 1146 736 in·

223 757 340 835 tendat,
363 771 393 824 et
417 771 501 826 tanto
524 760 688 846 patientior
710 773 756 825 est
778 774 894 844 ιιιιιιιιιο
919 757 1145 845 plusspiritua·

223 844 281 912 bos
304 847 481 914 intenditur.
506 849 573 914 Non
597 863 643 916 est
678 849 770 934 igitur
793 847 905 914 modus
943 846 1144 934 perfectionis
1239 877 1240 900 ι

223 935 379 1001 lrumanue
401 937 484 1024 quod
508 937 584 1004 nihil
608 939 768 1024 corporale
804 950 923 1022 agatun
960 937 1141 1022 quincono

221 1025 400 1111 corporales
423 1025 559 1092 actiones
582 1028 765 1093 ordinentur
803 1028 843 1091 ad
869 1045 917 1091 ea
955 1045 1036 1111 quae
1069 1039 1142 1092 sunt

220 1114 392 1179 necessaria
415 1115 453 1179 ad
487 1119 753 1182 conservationem
793 1112 940 1192 circesi
978 1114 1062 1200 quis-
1088 1135 1141 1180 aas

216 1201 446 1286 praetermittit,
469 1206 562 1270 vitam
584 1226 672 1271 suarn
707 1203 843 1290 negligit,
878 1221 971 1289 quam
1011 1201 1144 1289 quilibet

220 1309 410 1358 conservare
428 1305 557 1360 tenetur.
582 1294 748 1382 Expectare
770 1305 875 1357 autern
899 1313 917 1357 a
940 1291 1007 1356 Deo
1042 1293 1142 1358 subsi-

218 1377 306 1444 dium
341 1382 372 1446 in
407 1381 519 1468 quibus
556 1403 598 1449 se·
628 1383 737 1471 aliquis
777 1393 877 1468 potest
899 1399 956 1469 per
982 1381 1143 1467 propriam

219 1470 373 1536 actionem
393 1468 513 1556 juvare,
538 1473 754 1559 praetermissa
779 1470 902 1556 propria
927 1468 1060 1547 actione,
1096 1485 1143 1536 est

218 1555 389 1644 insipientis
412 1572 443 1624 ot
466 1559 566 1626 Deum
590 1559 816 1640 tentantis3hoo
832 1559 915 1624 enirn
939 1557 978 1623 ad
1001 1557 1142 1624 divinant

218 1645 386 1712 bonitatem
410 1651 541 1734 pertinet
565 1663 598 1716 ut
621 1651 713 1716 rebus
738 1647 906 1735 provideat,
932 1667 995 1712 nou
1029 1647 1142 1712 imme·
1239 1689 1240 1700 ι

216 1735 299 1802 diate
321 1737 426 1806 omnia
449 1737 601 1817 iaciendo,
623 1739 677 1806 sed
701 1739 758 1804 alia
773 1736 980 1802 morendoad
997 1738 1140 1823 proprias
1239 1733 1240 1808 Ϊ

215 1823 362 1904 actiones,
385 1840 417 1892 ot
441 1845 532 1912 supra
557 1827 674 1895 dictum
698 1841 753 1893 est.
776 1825 845 1891 Non
884 1837 932 1891 est
954 1825 1049 1910 igitur
1086 1845 1141 1892 en

214 1909 401 1998 pectendurh
425 1935 442 1980 a
466 1915 531 1980 Deo
555 1930 598 1998 ut,
621 1917 706 1983 ornni
730 1915 849 1981 actione
872 1916 995 2002 propria
1019 1933 1081 2000 qua
1098 1916 1139 1981 si·

215 2001 246 2066 lsi
270 1999 378 2088 aliquis
400 2002 565 2070 subvenire
587 2019 688 2094 potest
721 2005 947 2092 praetermissa,
985 2001 1071 2069 Deus
1109 2007 1138 2070 ei

213 2088 386 2172 subveniat;
409 2094 468 2159 hoc
491 2093 574 2172 enirn
598 2095 720 2162 divinoe
757 2093 943 2159 ordinationi
980 2106 1138 2178 repugnat

213 2193 245 2246 et
267 2178 397 2248 bonitati
412 2183 526 2271 ipsius.

211 2299 213 2304 ·
279 2269 341 2336 Sed
363 2271 446 2358 quia,
468 2271 538 2337 licet
560 2272 591 2338 in
615 2271 704 2339 nobis
728 2271 766 2338 sit
788 2290 892 2356 agere,
929 2289 993 2336 non
1028 2282 1135 2336 tamen

213 2356 245 2420 in
268 2358 357 2422 nobis
380 2375 426 2427 est
448 2373 481 2425 ut
505 2361 640 2428 actiones
664 2376 787 2428 nostrae
802 2357 1139 2426 debiturniinemcon·

211 2459 391 2531 sequautur,
414 2463 540 2537 propter
562 2450 782 2538 impedimenta
806 2469 885 2536 quae
909 2463 1038 2536 possunt
1061 2467 1138 2514 cou-

212 2535 341 2620 tingere
365 2537 424 2602 hoc
446 2537 636 2624 dispositioni
661 2539 784 2605 divinae
805 2537 946 2623 subjacet
967 2536 1042 2622 quid
1069 2542 1138 2604 eui·

210 2643 271 2710 que
293 2643 330 2690 ex
353 2627 473 2692 actione
496 2645 550 2692 sua
589 2631 760 2715 proveniat.
786 2626 937 2714 Praecipit
970 2643 1047 2710 ergo
1071 2625 1138 2693 Do·

210 2713 315 2779 minus
337 2733 395 2781 nos
418 2735 480 2782 non
504 2715 620 2782 debere
642 2737 710 2782 esse
733 2715 879 2782 sollicitos
909 2716 949 2780 de
972 2732 1010 2779 eo
1049 2718 1137 2802 quod

209 2799 247 2866 od
263 2821 318 2868 nos
330 2805 541 2892 coopertione
553 2805 667 2872 seilicet
681 2805 720 2871 de
733 2805 894 2871 eventibus
907 2816 1085 2870 nostrarum
1105 2826 1140 2870 a·

207 2889 356 2972 etionum;
377 2913 442 2960 oon
467 2907 570 2980 ornem
595 2895 753 2982 proiribuit
792 2913 848 2959 nos
879 2913 948 2959 esse
986 2892 1138 2960 sollicitos
1239 2959 1240 2974 ,

206 2977 247 3044 de
270 2980 415 3068 eoquod
438 2983 477 3048 ad
501 3001 558 3048 nos
580 2983 723 3070 pertinet,
745 2981 859 3049 scilieet
882 2981 1041 3048 denostro
1056 3001 1134 3070 ope-

205 3083 249 3133 re.
274 3068 341 3134 Non
367 3071 458 3156 igitur
480 3085 587 3138 contra
611 3091 810 3159 praeceptum
840 3071 966 3136 Domini
991 3073 1056 3155 agit
1078 3073 1135 3158 qui

205 3155 245 3220 de
268 3157 305 3224 iis
331 3177 411 3246 quae
446 3159 485 3225 ab
523 3161 590 3248 ipso
627 3163 747 3246 agenda
781 3173 864 3226 sunt-
888 3159 1135 3227 sollicitudinem

204 3244 310 3325 habet,
331 3248 387 3314 sed
411 3248 462 3314 ille
485 3249 537 3336 qui
560 3249 708 3316 sollicitus
728 3262 775 3316 est
799 3249 839 3314 de
866 3248 914 3314 his
956 3267 1036 3335 quae
1060 3269 1139 3335 pos·

204 3347 275 3400 sunt
299 3354 470 3422 emergere,
497 3338 616 3426 etiamsi
640 3339 870 3427 ipsa‘proprias
897 3338 1035 3402 actiones
1059 3357 1136 3405 ests·

202 3437 325 3508 quatur,
338 3427 377 3488 ita
391 3427 474 3512 quod
489 3426 610 3494 debitos
624 3430 762 3494 actiones
776 3427 998 3514 prudermittat
1017 3425 1059 3492 ad
1076 3431 1138 3494 ol).-

204 3509 351 3575 viandum
369 3513 544 3598 hujusmodi
555 3517 927 3604 eventibuscpntraquos
940 3515 1136 3606 depensosiu
