<?xml version="1.0" encoding="UTF-8"?>
<!DOCTYPE html PUBLIC "-//W3C//DTD XHTML 1.0 Transitional//EN"
    "http://www.w3.org/TR/xhtml1/DTD/xhtml1-transitional.dtd">
<html xmlns="http://www.w3.org/1999/xhtml" xml:lang="en" lang="en">
 <head>
  <title>
</title>
<meta http-equiv="Content-Type" content="text/html;charset=utf-8" />
  <meta name='ocr-system' content='tesseract 3.04.00' />
  <meta name='ocr-capabilities' content='ocr_page ocr_carea ocr_par ocr_line ocrx_word'/>
</head>
<body>
  <div class='ocr_page' id='page_1' title='image "./sanctithomaeaqu00thomgoog_0067.png"; bbox 0 0 2494 3970; ppageno 0'>
   <div class='ocr_carea' id='block_1_1' title="bbox 170 205 1236 1978">
    <p class='ocr_par' dir='ltr' id='par_1_1' title="bbox 170 205 1236 1978">
     <span class='ocr_line' id='line_1_1' title="bbox 199 205 893 275; baseline -0.012 -6"><span class='ocrx_word' id='word_1_1' title='bbox 199 205 241 270; x_wconf 54' lang='grc' dir='ltr'><strong>Μ</strong></span> <span class='ocrx_word' id='word_1_2' title='bbox 497 209 893 275; x_wconf 60' lang='lat' dir='ltr'>mmfflffln.</span> 
     </span>
     <span class='ocr_line' id='line_1_2' title="bbox 203 287 1236 380; baseline -0.004 -22"><span class='ocrx_word' id='word_1_3' title='bbox 203 289 280 360; x_wconf 89' lang='lat' dir='ltr'>illud</span> <span class='ocrx_word' id='word_1_4' title='bbox 303 289 388 360; x_wconf 79' lang='lat' dir='ltr'>eliud</span> <span class='ocrx_word' id='word_1_5' title='bbox 410 302 456 358; x_wconf 91' lang='lat' dir='ltr'>est</span> <span class='ocrx_word' id='word_1_6' title='bbox 479 291 607 356; x_wconf 90' lang='lat' dir='ltr'>omnino</span> <span class='ocrx_word' id='word_1_7' title='bbox 628 304 805 376; x_wconf 80' lang='lat' dir='ltr'>separatum</span> <span class='ocrx_word' id='word_1_8' title='bbox 828 287 867 354; x_wconf 78' lang='lat' dir='ltr'>ab</span> <span class='ocrx_word' id='word_1_9' title='bbox 890 307 939 368; x_wconf 83' lang='lat' dir='ltr'>ec,</span> <span class='ocrx_word' id='word_1_10' title='bbox 961 299 1013 356; x_wconf 82' lang='lat' dir='ltr'>sut</span> <span class='ocrx_word' id='word_1_11' title='bbox 1028 301 1074 357; x_wconf 86' lang='lat' dir='ltr'>est</span> <span class='ocrx_word' id='word_1_12' title='bbox 1089 288 1121 354; x_wconf 92' lang='lat' dir='ltr'>ei</span> <span class='ocrx_word' id='word_1_13' title='bbox 1235 291 1236 380; x_wconf 60' lang='lat' dir='ltr'>i</span> 
     </span>
     <span class='ocr_line' id='line_1_3' title="bbox 200 377 1236 466; baseline -0.001 -21"><span class='ocrx_word' id='word_1_14' title='bbox 200 383 334 461; x_wconf 87' lang='lat' dir='ltr'>unitum,</span> <span class='ocrx_word' id='word_1_15' title='bbox 356 381 396 450; x_wconf 83' lang='lat' dir='ltr'>its</span> <span class='ocrx_word' id='word_1_16' title='bbox 419 380 503 466; x_wconf 89' lang='lat' dir='ltr'>quod</span> <span class='ocrx_word' id='word_1_17' title='bbox 526 381 731 466; x_wconf 89' lang='lat' dir='ltr'>compositum</span> <span class='ocrx_word' id='word_1_18' title='bbox 755 399 792 446; x_wconf 88' lang='lat' dir='ltr'>ert</span> <span class='ocrx_word' id='word_1_19' title='bbox 814 377 900 444; x_wconf 77' lang='lat' dir='ltr'>caelo</span> <span class='ocrx_word' id='word_1_20' title='bbox 923 389 953 444; x_wconf 88' lang='lat' dir='ltr'>et</span> <span class='ocrx_word' id='word_1_21' title='bbox 976 389 1120 444; x_wconf 87' lang='lat' dir='ltr'>movente</span> <span class='ocrx_word' id='word_1_22' title='bbox 1235 383 1236 416; x_wconf 51' lang='lat' dir='ltr'>l</span> 
     </span>
     <span class='ocr_line' id='line_1_4' title="bbox 202 467 1119 556; baseline -0.002 -22"><span class='ocrx_word' id='word_1_23' title='bbox 202 470 320 538; x_wconf 82' lang='lat' dir='ltr'>dicetur</span> <span class='ocrx_word' id='word_1_24' title='bbox 342 489 467 536; x_wconf 90' lang='lat' dir='ltr'>movere</span> <span class='ocrx_word' id='word_1_25' title='bbox 491 471 637 556; x_wconf 88' lang='lat' dir='ltr'>seipsum,</span> <span class='ocrx_word' id='word_1_26' title='bbox 659 469 690 534; x_wconf 87' lang='lat' dir='ltr'>itt</span> <span class='ocrx_word' id='word_1_27' title='bbox 714 481 864 554; x_wconf 86' lang='lat' dir='ltr'>qnuutum</span> <span class='ocrx_word' id='word_1_28' title='bbox 888 488 949 532; x_wconf 84' lang='lat' dir='ltr'>una</span> <span class='ocrx_word' id='word_1_29' title='bbox 967 487 1037 553; x_wconf 86' lang='lat' dir='ltr'>psrs</span> <span class='ocrx_word' id='word_1_30' title='bbox 1049 467 1119 552; x_wconf 83' lang='lat' dir='ltr'>ejus</span> 
     </span>
     <span class='ocr_line' id='line_1_5' title="bbox 202 557 1120 642; baseline 0 -20"><span class='ocrx_word' id='word_1_31' title='bbox 202 573 248 624; x_wconf 90' lang='lat' dir='ltr'>cst</span> <span class='ocrx_word' id='word_1_32' title='bbox 271 579 397 624; x_wconf 91' lang='lat' dir='ltr'>movens</span> <span class='ocrx_word' id='word_1_33' title='bbox 420 573 450 624; x_wconf 91' lang='lat' dir='ltr'>et</span> <span class='ocrx_word' id='word_1_34' title='bbox 472 558 530 622; x_wconf 86' lang='lat' dir='ltr'>sliu</span> <span class='ocrx_word' id='word_1_35' title='bbox 554 570 644 622; x_wconf 82' lang='lat' dir='ltr'>mota.</span> <span class='ocrx_word' id='word_1_36' title='bbox 669 557 702 622; x_wconf 89' lang='lat' dir='ltr'>Si</span> <span class='ocrx_word' id='word_1_37' title='bbox 725 571 828 625; x_wconf 84' lang='lat' dir='ltr'>autern</span> <span class='ocrx_word' id='word_1_38' title='bbox 851 557 895 622; x_wconf 86' lang='lat' dir='ltr'>sic</span> <span class='ocrx_word' id='word_1_39' title='bbox 932 569 978 624; x_wconf 87' lang='lat' dir='ltr'>est</span> <span class='ocrx_word' id='word_1_40' title='bbox 1010 557 1120 642; x_wconf 86' lang='lat' dir='ltr'>(omne</span> 
     </span>
     <span class='ocr_line' id='line_1_6' title="bbox 170 645 1121 732; baseline -0.001 -22"><span class='ocrx_word' id='word_1_41' title='bbox 170 715 180 732; x_wconf 45' lang='lat' dir='ltr'><em>s</em></span> <span class='ocrx_word' id='word_1_42' title='bbox 202 662 305 714; x_wconf 81' lang='lat' dir='ltr'>autern</span> <span class='ocrx_word' id='word_1_43' title='bbox 327 668 459 714; x_wconf 89' lang='lat' dir='ltr'>movens</span> <span class='ocrx_word' id='word_1_44' title='bbox 491 647 629 731; x_wconf 86' lang='lat' dir='ltr'>seipsum</span> <span class='ocrx_word' id='word_1_45' title='bbox 650 659 696 712; x_wconf 91' lang='lat' dir='ltr'>est</span> <span class='ocrx_word' id='word_1_46' title='bbox 720 647 822 712; x_wconf 89' lang='lat' dir='ltr'>vivum</span> <span class='ocrx_word' id='word_1_47' title='bbox 841 659 886 710; x_wconf 77' lang='lat' dir='ltr'>-et</span> <span class='ocrx_word' id='word_1_48' title='bbox 922 645 1121 726; x_wconf 79' lang='lat' dir='ltr'>animatum),</span> 
     </span>
     <span class='ocr_line' id='line_1_7' title="bbox 202 733 1120 824; baseline -0.002 -24"><span class='ocrx_word' id='word_1_49' title='bbox 202 737 340 822; x_wconf 86' lang='lat' dir='ltr'>sequitur</span> <span class='ocrx_word' id='word_1_50' title='bbox 378 736 462 824; x_wconf 88' lang='lat' dir='ltr'>qnod</span> <span class='ocrx_word' id='word_1_51' title='bbox 501 733 623 800; x_wconf 80' lang='lat' dir='ltr'>caelum</span> <span class='ocrx_word' id='word_1_52' title='bbox 648 737 685 802; x_wconf 89' lang='lat' dir='ltr'>sit</span> <span class='ocrx_word' id='word_1_53' title='bbox 715 737 896 802; x_wconf 83' lang='lat' dir='ltr'>animatum.</span> <span class='ocrx_word' id='word_1_54' title='bbox 920 733 988 798; x_wconf 90' lang='lat' dir='ltr'>Non</span> <span class='ocrx_word' id='word_1_55' title='bbox 1015 747 1120 800; x_wconf 84' lang='lat' dir='ltr'>sutem</span> 
     </span>
     <span class='ocr_line' id='line_1_8' title="bbox 202 823 1119 909; baseline -0.005 -19"><span class='ocrx_word' id='word_1_56' title='bbox 202 827 260 891; x_wconf 79' lang='lat' dir='ltr'>eliu</span> <span class='ocrx_word' id='word_1_57' title='bbox 284 827 386 890; x_wconf 80' lang='lat' dir='ltr'>anima</span> <span class='ocrx_word' id='word_1_58' title='bbox 409 844 503 909; x_wconf 84' lang='lat' dir='ltr'>quem</span> <span class='ocrx_word' id='word_1_59' title='bbox 527 823 732 890; x_wconf 70' lang='lat' dir='ltr'>intellectuali:</span> <span class='ocrx_word' id='word_1_60' title='bbox 757 845 819 890; x_wconf 90' lang='lat' dir='ltr'>uon</span> <span class='ocrx_word' id='word_1_61' title='bbox 843 823 927 888; x_wconf 90' lang='lat' dir='ltr'>enim</span> <span class='ocrx_word' id='word_1_62' title='bbox 966 825 1119 897; x_wconf 87' lang='lat' dir='ltr'>nutritive,</span> 
     </span>
     <span class='ocr_line' id='line_1_9' title="bbox 202 913 1120 998; baseline 0 -20"><span class='ocrx_word' id='word_1_63' title='bbox 202 935 274 980; x_wconf 91' lang='lat' dir='ltr'>cnm</span> <span class='ocrx_word' id='word_1_64' title='bbox 297 916 328 980; x_wconf 89' lang='lat' dir='ltr'>in</span> <span class='ocrx_word' id='word_1_65' title='bbox 352 934 390 980; x_wconf 87' lang='lat' dir='ltr'>cc</span> <span class='ocrx_word' id='word_1_66' title='bbox 415 934 477 980; x_wconf 90' lang='lat' dir='ltr'>non</span> <span class='ocrx_word' id='word_1_67' title='bbox 501 923 539 978; x_wconf 84' lang='lat' dir='ltr'>sit</span> <span class='ocrx_word' id='word_1_68' title='bbox 562 914 721 998; x_wconf 72' lang='lat' dir='ltr'>generatio</span> <span class='ocrx_word' id='word_1_69' title='bbox 751 927 781 978; x_wconf 89' lang='lat' dir='ltr'>et</span> <span class='ocrx_word' id='word_1_70' title='bbox 818 913 985 998; x_wconf 76' lang='lat' dir='ltr'>corruptim</span> <span class='ocrx_word' id='word_1_71' title='bbox 1019 932 1120 998; x_wconf 88' lang='lat' dir='ltr'>neque</span> 
     </span>
     <span class='ocr_line' id='line_1_10' title="bbox 197 1001 1121 1086; baseline 0 -20"><span class='ocrx_word' id='word_1_72' title='bbox 197 1003 357 1082; x_wconf 72' lang='lat' dir='ltr'><strong>sensitiva,</strong></span> <span class='ocrx_word' id='word_1_73' title='bbox 390 1023 462 1068; x_wconf 91' lang='lat' dir='ltr'>curn</span> <span class='ocrx_word' id='word_1_74' title='bbox 496 1023 558 1068; x_wconf 91' lang='lat' dir='ltr'>non</span> <span class='ocrx_word' id='word_1_75' title='bbox 595 1003 707 1068; x_wconf 82' lang='lat' dir='ltr'>habeat</span> <span class='ocrx_word' id='word_1_76' title='bbox 738 1021 925 1086; x_wconf 77' lang='lat' dir='ltr'>organorum</span> <span class='ocrx_word' id='word_1_77' title='bbox 964 1001 1121 1066; x_wconf 84' lang='lat' dir='ltr'>diversita-</span> 
     </span>
     <span class='ocr_line' id='line_1_11' title="bbox 203 1089 1123 1178; baseline -0.001 -23"><span class='ocrx_word' id='word_1_78' title='bbox 203 1105 276 1156; x_wconf 90' lang='lat' dir='ltr'>tem:</span> <span class='ocrx_word' id='word_1_79' title='bbox 313 1093 450 1178; x_wconf 88' lang='lat' dir='ltr'>sequitur</span> <span class='ocrx_word' id='word_1_80' title='bbox 473 1111 547 1175; x_wconf 81' lang='lat' dir='ltr'>ergo</span> <span class='ocrx_word' id='word_1_81' title='bbox 571 1093 654 1176; x_wconf 87' lang='lat' dir='ltr'>qnod</span> <span class='ocrx_word' id='word_1_82' title='bbox 684 1105 844 1156; x_wconf 83' lang='lat' dir='ltr'>moveatur</span> <span class='ocrx_word' id='word_1_83' title='bbox 866 1089 905 1155; x_wconf 87' lang='lat' dir='ltr'>sb</span> <span class='ocrx_word' id='word_1_84' title='bbox 942 1090 1045 1154; x_wconf 78' lang='lat' dir='ltr'>enims</span> <span class='ocrx_word' id='word_1_85' title='bbox 1072 1091 1123 1154; x_wconf 92' lang='lat' dir='ltr'>in-</span> 
     </span>
     <span class='ocr_line' id='line_1_12' title="bbox 205 1179 1120 1260; baseline -0.002 -15"><span class='ocrx_word' id='word_1_86' title='bbox 205 1181 362 1246; x_wconf 81' lang='lat' dir='ltr'>tellectiva.</span> <span class='ocrx_word' id='word_1_87' title='bbox 386 1180 418 1246; x_wconf 91' lang='lat' dir='ltr'>Si</span> <span class='ocrx_word' id='word_1_88' title='bbox 441 1193 544 1260; x_wconf 77' lang='lat' dir='ltr'>sutem</span> <span class='ocrx_word' id='word_1_89' title='bbox 569 1192 710 1246; x_wconf 90' lang='lat' dir='ltr'>movetur</span> <span class='ocrx_word' id='word_1_90' title='bbox 733 1201 749 1246; x_wconf 83' lang='lat' dir='ltr'>o</span> <span class='ocrx_word' id='word_1_91' title='bbox 789 1193 909 1248; x_wconf 89' lang='lat' dir='ltr'>moture</span> <span class='ocrx_word' id='word_1_92' title='bbox 938 1179 1120 1257; x_wconf 78' lang='lat' dir='ltr'>extrinseco,</span> 
     </span>
     <span class='ocr_line' id='line_1_13' title="bbox 205 1268 1121 1356; baseline -0.002 -22"><span class='ocrx_word' id='word_1_93' title='bbox 205 1283 256 1336; x_wconf 87' lang='lat' dir='ltr'>uut</span> <span class='ocrx_word' id='word_1_94' title='bbox 280 1270 354 1338; x_wconf 90' lang='lat' dir='ltr'>illud</span> <span class='ocrx_word' id='word_1_95' title='bbox 379 1271 436 1336; x_wconf 88' lang='lat' dir='ltr'>erit</span> <span class='ocrx_word' id='word_1_96' title='bbox 458 1289 643 1356; x_wconf 91' lang='lat' dir='ltr'>corporeum</span> <span class='ocrx_word' id='word_1_97' title='bbox 677 1282 729 1336; x_wconf 82' lang='lat' dir='ltr'>eut</span> <span class='ocrx_word' id='word_1_98' title='bbox 766 1271 992 1354; x_wconf 88' lang='lat' dir='ltr'>incorporeum:</span> <span class='ocrx_word' id='word_1_99' title='bbox 1027 1268 1062 1334; x_wconf 86' lang='lat' dir='ltr'>Et</span> <span class='ocrx_word' id='word_1_100' title='bbox 1094 1269 1121 1332; x_wconf 89' lang='lat' dir='ltr'>si</span> 
     </span>
     <span class='ocr_line' id='line_1_14' title="bbox 205 1358 1122 1446; baseline -0.002 -22"><span class='ocrx_word' id='word_1_101' title='bbox 205 1358 330 1445; x_wconf 88' lang='lat' dir='ltr'>quidem</span> <span class='ocrx_word' id='word_1_102' title='bbox 353 1378 549 1446; x_wconf 90' lang='lat' dir='ltr'>corporeum,</span> <span class='ocrx_word' id='word_1_103' title='bbox 572 1379 634 1422; x_wconf 91' lang='lat' dir='ltr'>non</span> <span class='ocrx_word' id='word_1_104' title='bbox 657 1369 759 1423; x_wconf 91' lang='lat' dir='ltr'>movet</span> <span class='ocrx_word' id='word_1_105' title='bbox 783 1358 840 1422; x_wconf 90' lang='lat' dir='ltr'>nisi</span> <span class='ocrx_word' id='word_1_106' title='bbox 861 1369 992 1436; x_wconf 87' lang='lat' dir='ltr'>motum,</span> <span class='ocrx_word' id='word_1_107' title='bbox 1013 1371 1047 1422; x_wconf 90' lang='lat' dir='ltr'>ut</span> <span class='ocrx_word' id='word_1_108' title='bbox 1083 1375 1122 1422; x_wconf 86' lang='lat' dir='ltr'>ex</span> 
     </span>
     <span class='ocr_line' id='line_1_15' title="bbox 206 1446 1123 1535; baseline -0.004 -21"><span class='ocrx_word' id='word_1_109' title='bbox 206 1447 415 1535; x_wconf 87' lang='lat' dir='ltr'>superioribus</span> <span class='ocrx_word' id='word_1_110' title='bbox 439 1448 473 1533; x_wconf 90' lang='lat' dir='ltr'>(l.</span> <span class='ocrx_word' id='word_1_111' title='bbox 500 1448 531 1523; x_wconf 92' lang='grc'>1,</span> <span class='ocrx_word' id='word_1_112' title='bbox 553 1468 579 1512; x_wconf 91' lang='lat' dir='ltr'>c.</span> <span class='ocrx_word' id='word_1_113' title='bbox 606 1447 662 1533; x_wconf 80' lang='grc'>15)</span> <span class='ocrx_word' id='word_1_114' title='bbox 686 1459 780 1534; x_wconf 83' lang='lat' dir='ltr'>petet3</span> <span class='ocrx_word' id='word_1_115' title='bbox 804 1446 956 1533; x_wconf 75' lang='lat' dir='ltr'><strong>oportebit</strong></span> <span class='ocrx_word' id='word_1_116' title='bbox 979 1466 1054 1531; x_wconf 79' lang='lat' dir='ltr'>ergo</span> <span class='ocrx_word' id='word_1_117' title='bbox 1092 1457 1123 1510; x_wconf 88' lang='lat' dir='ltr'>et</span> 
     </span>
     <span class='ocr_line' id='line_1_16' title="bbox 205 1535 1122 1620; baseline -0.004 -18"><span class='ocrx_word' id='word_1_118' title='bbox 205 1537 282 1602; x_wconf 91' lang='lat' dir='ltr'>illud</span> <span class='ocrx_word' id='word_1_119' title='bbox 306 1537 345 1602; x_wconf 86' lang='lat' dir='ltr'>eb</span> <span class='ocrx_word' id='word_1_120' title='bbox 368 1537 428 1602; x_wconf 84' lang='lat' dir='ltr'>alio</span> <span class='ocrx_word' id='word_1_121' title='bbox 451 1537 581 1614; x_wconf 90' lang='lat' dir='ltr'>moveri;</span> <span class='ocrx_word' id='word_1_122' title='bbox 605 1557 676 1602; x_wconf 91' lang='lat' dir='ltr'>cum</span> <span class='ocrx_word' id='word_1_123' title='bbox 700 1550 802 1601; x_wconf 82' lang='lat' dir='ltr'>eutem</span> <span class='ocrx_word' id='word_1_124' title='bbox 827 1556 888 1600; x_wconf 93' lang='lat' dir='ltr'>nou</span> <span class='ocrx_word' id='word_1_125' title='bbox 904 1537 943 1599; x_wconf 89' lang='lat' dir='ltr'>sit</span> <span class='ocrx_word' id='word_1_126' title='bbox 954 1535 1122 1620; x_wconf 89' lang='lat' dir='ltr'>procedere</span> 
     </span>
     <span class='ocr_line' id='line_1_17' title="bbox 207 1621 1120 1711; baseline -0.003 -21"><span class='ocrx_word' id='word_1_127' title='bbox 207 1631 237 1690; x_wconf 93' lang='lat' dir='ltr'>in</span> <span class='ocrx_word' id='word_1_128' title='bbox 261 1626 416 1692; x_wconf 87' lang='lat' dir='ltr'>infinitum</span> <span class='ocrx_word' id='word_1_129' title='bbox 440 1626 472 1690; x_wconf 89' lang='lat' dir='ltr'>in</span> <span class='ocrx_word' id='word_1_130' title='bbox 495 1625 687 1711; x_wconf 79' lang='lat' dir='ltr'>corporibus,</span> <span class='ocrx_word' id='word_1_131' title='bbox 710 1624 864 1711; x_wconf 77' lang='lat' dir='ltr'>oportebit</span> <span class='ocrx_word' id='word_1_132' title='bbox 899 1625 1045 1690; x_wconf 84' lang='lat' dir='ltr'>devenire</span> <span class='ocrx_word' id='word_1_133' title='bbox 1082 1621 1120 1688; x_wconf 84' lang='lat' dir='ltr'>sd</span> 
     </span>
     <span class='ocr_line' id='line_1_18' title="bbox 206 1713 1122 1802; baseline -0.002 -23"><span class='ocrx_word' id='word_1_134' title='bbox 206 1717 342 1802; x_wconf 86' lang='lat' dir='ltr'>primunr</span> <span class='ocrx_word' id='word_1_135' title='bbox 380 1734 509 1780; x_wconf 91' lang='lat' dir='ltr'>movens</span> <span class='ocrx_word' id='word_1_136' title='bbox 534 1715 763 1800; x_wconf 86' lang='lat' dir='ltr'>incorporenm3</span> <span class='ocrx_word' id='word_1_137' title='bbox 787 1713 984 1800; x_wconf 81' lang='lat' dir='ltr'>quodantem</span> <span class='ocrx_word' id='word_1_138' title='bbox 1001 1727 1048 1778; x_wconf 90' lang='lat' dir='ltr'>est</span> <span class='ocrx_word' id='word_1_139' title='bbox 1070 1733 1122 1795; x_wconf 88' lang='lat' dir='ltr'>po-</span> 
     </span>
     <span class='ocr_line' id='line_1_19' title="bbox 207 1801 1123 1889; baseline -0.003 -21"><span class='ocrx_word' id='word_1_140' title='bbox 207 1804 289 1869; x_wconf 86' lang='lat' dir='ltr'>nitus</span> <span class='ocrx_word' id='word_1_141' title='bbox 313 1824 330 1868; x_wconf 84' lang='lat' dir='ltr'>e</span> <span class='ocrx_word' id='word_1_142' title='bbox 354 1817 669 1889; x_wconf 81' lang='lat' dir='ltr'>corporeseperetum</span> <span class='ocrx_word' id='word_1_143' title='bbox 683 1815 803 1888; x_wconf 87' lang='lat' dir='ltr'>oportet</span> <span class='ocrx_word' id='word_1_144' title='bbox 817 1821 884 1866; x_wconf 89' lang='lat' dir='ltr'>esse</span> <span class='ocrx_word' id='word_1_145' title='bbox 907 1801 1123 1876; x_wconf 81' lang='lat' dir='ltr'>intellectuale,</span> 
     </span>
     <span class='ocr_line' id='line_1_20' title="bbox 207 1891 1124 1978; baseline -0.003 -22"><span class='ocrx_word' id='word_1_146' title='bbox 207 1905 240 1956; x_wconf 89' lang='lat' dir='ltr'>nt</span> <span class='ocrx_word' id='word_1_147' title='bbox 262 1891 534 1977; x_wconf 86' lang='lat' dir='ltr'>exsuperioribus</span> <span class='ocrx_word' id='word_1_148' title='bbox 557 1891 593 1977; x_wconf 92' lang='grc' dir='ltr'>(Ι.</span> <span class='ocrx_word' id='word_1_149' title='bbox 619 1892 647 1970; x_wconf 88' lang='grc'>1,</span> <span class='ocrx_word' id='word_1_150' title='bbox 671 1911 698 1956; x_wconf 87' lang='lat' dir='ltr'>c.</span> <span class='ocrx_word' id='word_1_151' title='bbox 721 1891 779 1976; x_wconf 79' lang='grc'>11)</span> <span class='ocrx_word' id='word_1_152' title='bbox 802 1903 893 1978; x_wconf 83' lang='lat' dir='ltr'>patet.</span> <span class='ocrx_word' id='word_1_153' title='bbox 917 1891 1015 1956; x_wconf 86' lang='lat' dir='ltr'>Motus</span> <span class='ocrx_word' id='word_1_154' title='bbox 1030 1891 1124 1976; x_wconf 79' lang='lat' dir='ltr'>igitur</span> 
     </span>
    </p>
   </div>
   <div class='ocr_carea' id='block_1_2' title="bbox 207 1978 1234 2068">
    <p class='ocr_par' dir='ltr' id='par_1_2' title="bbox 207 1978 1234 2068">
     <span class='ocr_line' id='line_1_21' title="bbox 207 1978 1234 2068; baseline -0.001 -23"><span class='ocrx_word' id='word_1_155' title='bbox 207 1981 295 2061; x_wconf 84' lang='lat' dir='ltr'>caeli,</span> <span class='ocrx_word' id='word_1_156' title='bbox 317 1981 400 2066; x_wconf 86' lang='lat' dir='ltr'>quod</span> <span class='ocrx_word' id='word_1_157' title='bbox 424 1993 470 2044; x_wconf 91' lang='lat' dir='ltr'>cst</span> <span class='ocrx_word' id='word_1_158' title='bbox 494 1980 628 2066; x_wconf 92' lang='lat' dir='ltr'>primum</span> <span class='ocrx_word' id='word_1_159' title='bbox 652 1999 847 2068; x_wconf 87' lang='lat' dir='ltr'>corporeum,</span> <span class='ocrx_word' id='word_1_160' title='bbox 881 1993 926 2046; x_wconf 88' lang='lat' dir='ltr'>est</span> <span class='ocrx_word' id='word_1_161' title='bbox 960 1980 998 2046; x_wconf 81' lang='lat' dir='ltr'>ab</span> <span class='ocrx_word' id='word_1_162' title='bbox 1035 1978 1124 2046; x_wconf 88' lang='lat' dir='ltr'>intel·</span> <span class='ocrx_word' id='word_1_163' title='bbox 1233 2003 1234 2008; x_wconf 47' lang='lat'>¹</span> 
     </span>
    </p>
   </div>
   <div class='ocr_carea' id='block_1_3' title="bbox 204 2069 1129 3046">
    <p class='ocr_par' dir='ltr' id='par_1_3' title="bbox 207 2069 577 2137">
     <span class='ocr_line' id='line_1_22' title="bbox 207 2069 577 2137; baseline -0.008 -3"><span class='ocrx_word' id='word_1_164' title='bbox 207 2069 328 2137; x_wconf 85' lang='lat' dir='ltr'>lectueli</span> <span class='ocrx_word' id='word_1_165' title='bbox 352 2070 533 2134; x_wconf 80' lang='lat' dir='ltr'>substantia.</span> <span class='ocrx_word' id='word_1_166' title='bbox 574 2093 577 2098; x_wconf 95' lang='lat'>·</span> 
     </span>
    </p>

    <p class='ocr_par' dir='ltr' id='par_1_4' title="bbox 204 2156 1129 3046">
     <span class='ocr_line' id='line_1_23' title="bbox 273 2156 1126 2244; baseline -0.002 -20"><span class='ocrx_word' id='word_1_167' title='bbox 273 2159 359 2238; x_wconf 89' lang='lat' dir='ltr'>ltem,</span> <span class='ocrx_word' id='word_1_168' title='bbox 384 2157 520 2244; x_wconf 76' lang='lat' dir='ltr'>Corpore</span> <span class='ocrx_word' id='word_1_169' title='bbox 544 2156 648 2240; x_wconf 79' lang='lat' dir='ltr'>gravia</span> <span class='ocrx_word' id='word_1_170' title='bbox 673 2170 703 2222; x_wconf 91' lang='lat' dir='ltr'>et</span> <span class='ocrx_word' id='word_1_171' title='bbox 737 2157 813 2224; x_wconf 82' lang='lat' dir='ltr'>levis</span> <span class='ocrx_word' id='word_1_172' title='bbox 838 2169 1001 2224; x_wconf 86' lang='lat' dir='ltr'>moventur</span> <span class='ocrx_word' id='word_1_173' title='bbox 1032 2177 1126 2242; x_wconf 78' lang='lat' dir='ltr'>sgo-</span> 
     </span>
     <span class='ocr_line' id='line_1_24' title="bbox 207 2247 1126 2336; baseline -0.002 -22"><span class='ocrx_word' id='word_1_174' title='bbox 207 2261 336 2316; x_wconf 82' lang='lat' dir='ltr'>nerente</span> <span class='ocrx_word' id='word_1_175' title='bbox 360 2260 390 2314; x_wconf 90' lang='lat' dir='ltr'>et</span> <span class='ocrx_word' id='word_1_176' title='bbox 412 2259 592 2313; x_wconf 83' lang='lat' dir='ltr'>removente</span> <span class='ocrx_word' id='word_1_177' title='bbox 616 2247 782 2332; x_wconf 84' lang='lat' dir='ltr'>prohibens</span> <span class='ocrx_word' id='word_1_178' title='bbox 817 2247 877 2336; x_wconf 88' lang='lat' dir='ltr'>(l),</span> <span class='ocrx_word' id='word_1_179' title='bbox 910 2260 944 2312; x_wconf 92' lang='lat' dir='ltr'>ut</span> <span class='ocrx_word' id='word_1_180' title='bbox 978 2247 1126 2334; x_wconf 85' lang='lat' dir='ltr'>probetur</span> 
     </span>
     <span class='ocr_line' id='line_1_25' title="bbox 204 2335 1126 2422; baseline 0 -20"><span class='ocrx_word' id='word_1_181' title='bbox 204 2340 238 2402; x_wconf 87' lang='lat' dir='ltr'>in</span> <span class='ocrx_word' id='word_1_182' title='bbox 262 2350 369 2402; x_wconf 83' lang='lat' dir='ltr'>octuvo</span> <span class='ocrx_word' id='word_1_183' title='bbox 390 2335 592 2422; x_wconf 77' lang='lat' dir='ltr'>physicorum</span> <span class='ocrx_word' id='word_1_184' title='bbox 616 2335 717 2420; x_wconf 82' lang='lat' dir='ltr'>(text,</span> <span class='ocrx_word' id='word_1_185' title='bbox 734 2356 848 2402; x_wconf 89' lang='lat' dir='ltr'>comm.</span> <span class='ocrx_word' id='word_1_186' title='bbox 872 2336 915 2402; x_wconf 72' lang='grc'>51</span> <span class='ocrx_word' id='word_1_187' title='bbox 930 2337 1029 2419; x_wconf 88' lang='lat' dir='ltr'>);ucn</span> <span class='ocrx_word' id='word_1_188' title='bbox 1042 2336 1126 2402; x_wconf 87' lang='lat' dir='ltr'>enim</span> 
     </span>
     <span class='ocr_line' id='line_1_26' title="bbox 204 2423 1125 2514; baseline -0.002 -22"><span class='ocrx_word' id='word_1_189' title='bbox 204 2438 309 2514; x_wconf 68' lang='lat' dir='ltr'>⁴potest</span> <span class='ocrx_word' id='word_1_190' title='bbox 330 2445 397 2493; x_wconf 86' lang='lat' dir='ltr'>esse</span> <span class='ocrx_word' id='word_1_191' title='bbox 420 2424 505 2510; x_wconf 90' lang='lat' dir='ltr'>quod</span> <span class='ocrx_word' id='word_1_192' title='bbox 528 2423 628 2491; x_wconf 84' lang='lat' dir='ltr'>lorme</span> <span class='ocrx_word' id='word_1_193' title='bbox 651 2425 682 2490; x_wconf 91' lang='lat' dir='ltr'>in</span> <span class='ocrx_word' id='word_1_194' title='bbox 705 2424 750 2490; x_wconf 90' lang='lat' dir='ltr'>eis</span> <span class='ocrx_word' id='word_1_195' title='bbox 765 2425 803 2492; x_wconf 87' lang='lat' dir='ltr'>sit</span> <span class='ocrx_word' id='word_1_196' title='bbox 815 2445 943 2492; x_wconf 88' lang='lat' dir='ltr'>movens</span> <span class='ocrx_word' id='word_1_197' title='bbox 956 2437 985 2490; x_wconf 88' lang='lat' dir='ltr'>et</span> <span class='ocrx_word' id='word_1_198' title='bbox 997 2426 1125 2490; x_wconf 77' lang='lat' dir='ltr'>materia</span> 
     </span>
     <span class='ocr_line' id='line_1_27' title="bbox 208 2512 1125 2600; baseline -0.001 -19"><span class='ocrx_word' id='word_1_199' title='bbox 208 2527 303 2592; x_wconf 85' lang='lat' dir='ltr'>rnots;</span> <span class='ocrx_word' id='word_1_200' title='bbox 326 2514 402 2580; x_wconf 86' lang='lat' dir='ltr'>nihil</span> <span class='ocrx_word' id='word_1_201' title='bbox 424 2514 509 2580; x_wconf 88' lang='lat' dir='ltr'>enirn</span> <span class='ocrx_word' id='word_1_202' title='bbox 532 2524 673 2580; x_wconf 88' lang='lat' dir='ltr'>movetur</span> <span class='ocrx_word' id='word_1_203' title='bbox 695 2513 753 2580; x_wconf 87' lang='lat' dir='ltr'>nisi</span> <span class='ocrx_word' id='word_1_204' title='bbox 775 2534 898 2600; x_wconf 90' lang='lat' dir='ltr'>corpus.</span> <span class='ocrx_word' id='word_1_205' title='bbox 920 2512 1004 2580; x_wconf 88' lang='lat' dir='ltr'>Sicut</span> <span class='ocrx_word' id='word_1_206' title='bbox 1020 2525 1125 2580; x_wconf 79' lang='lat' dir='ltr'>autern</span> 
     </span>
     <span class='ocr_line' id='line_1_28' title="bbox 206 2602 1126 2689; baseline -0.002 -19"><span class='ocrx_word' id='word_1_207' title='bbox 206 2604 435 2670; x_wconf 89' lang='lat' dir='ltr'>elementorum</span> <span class='ocrx_word' id='word_1_208' title='bbox 458 2623 588 2688; x_wconf 86' lang='lat' dir='ltr'>corpore</span> <span class='ocrx_word' id='word_1_209' title='bbox 618 2613 690 2666; x_wconf 83' lang='lat' dir='ltr'>sunt</span> <span class='ocrx_word' id='word_1_210' title='bbox 711 2602 862 2689; x_wconf 78' lang='lat' dir='ltr'>simplicia</span> <span class='ocrx_word' id='word_1_211' title='bbox 885 2615 916 2668; x_wconf 92' lang='lat' dir='ltr'>et</span> <span class='ocrx_word' id='word_1_212' title='bbox 938 2623 1001 2668; x_wconf 91' lang='lat' dir='ltr'>uon</span> <span class='ocrx_word' id='word_1_213' title='bbox 1025 2616 1071 2670; x_wconf 90' lang='lat' dir='ltr'>est</span> <span class='ocrx_word' id='word_1_214' title='bbox 1093 2603 1126 2668; x_wconf 91' lang='lat' dir='ltr'>in</span> 
     </span>
     <span class='ocr_line' id='line_1_29' title="bbox 207 2690 1126 2778; baseline -0.002 -20"><span class='ocrx_word' id='word_1_215' title='bbox 207 2694 252 2758; x_wconf 85' lang='lat' dir='ltr'>eis</span> <span class='ocrx_word' id='word_1_216' title='bbox 275 2692 455 2778; x_wconf 82' lang='lat' dir='ltr'>compositio</span> <span class='ocrx_word' id='word_1_217' title='bbox 479 2691 537 2757; x_wconf 89' lang='lat' dir='ltr'>nisi</span> <span class='ocrx_word' id='word_1_218' title='bbox 560 2690 707 2756; x_wconf 76' lang='lat' dir='ltr'>materiae</span> <span class='ocrx_word' id='word_1_219' title='bbox 738 2703 768 2758; x_wconf 91' lang='lat' dir='ltr'>et</span> <span class='ocrx_word' id='word_1_220' title='bbox 789 2691 918 2771; x_wconf 80' lang='lat' dir='ltr'>formae,</span> <span class='ocrx_word' id='word_1_221' title='bbox 941 2692 981 2758; x_wconf 83' lang='lat' dir='ltr'>ita</span> <span class='ocrx_word' id='word_1_222' title='bbox 1004 2704 1035 2757; x_wconf 87' lang='lat' dir='ltr'>ct</span> <span class='ocrx_word' id='word_1_223' title='bbox 1057 2711 1126 2757; x_wconf 92' lang='lat' dir='ltr'>cor·</span> 
     </span>
     <span class='ocr_line' id='line_1_30' title="bbox 209 2779 1127 2870; baseline -0.002 -22"><span class='ocrx_word' id='word_1_224' title='bbox 209 2802 282 2870; x_wconf 85' lang='lat' dir='ltr'>pore</span> <span class='ocrx_word' id='word_1_225' title='bbox 306 2781 447 2848; x_wconf 77' lang='lat' dir='ltr'>caelestis</span> <span class='ocrx_word' id='word_1_226' title='bbox 470 2793 543 2846; x_wconf 89' lang='lat' dir='ltr'>sunt</span> <span class='ocrx_word' id='word_1_227' title='bbox 575 2779 737 2866; x_wconf 72' lang='lat' dir='ltr'>simplis-ic.</span> <span class='ocrx_word' id='word_1_228' title='bbox 771 2779 802 2848; x_wconf 89' lang='lat' dir='ltr'>Si</span> <span class='ocrx_word' id='word_1_229' title='bbox 837 2782 930 2866; x_wconf 77' lang='lat' dir='ltr'>igitur</span> <span class='ocrx_word' id='word_1_230' title='bbox 963 2793 1127 2849; x_wconf 90' lang='lat' dir='ltr'>moventur</span> 
     </span>
     <span class='ocr_line' id='line_1_31' title="bbox 206 2869 1129 2956; baseline -0.005 -18"><span class='ocrx_word' id='word_1_231' title='bbox 206 2873 286 2938; x_wconf 88' lang='lat' dir='ltr'>sicut</span> <span class='ocrx_word' id='word_1_232' title='bbox 308 2871 414 2956; x_wconf 78' lang='lat' dir='ltr'>gravia</span> <span class='ocrx_word' id='word_1_233' title='bbox 437 2881 468 2934; x_wconf 88' lang='lat' dir='ltr'>et</span> <span class='ocrx_word' id='word_1_234' title='bbox 490 2869 580 2946; x_wconf 87' lang='lat' dir='ltr'>levis,</span> <span class='ocrx_word' id='word_1_235' title='bbox 601 2881 723 2954; x_wconf 87' lang='lat' dir='ltr'>oportet</span> <span class='ocrx_word' id='word_1_236' title='bbox 746 2869 829 2956; x_wconf 90' lang='lat' dir='ltr'>quod</span> <span class='ocrx_word' id='word_1_237' title='bbox 851 2882 1129 2955; x_wconf 79' lang='lat' dir='ltr'>moveanturuge·</span> 
     </span>
     <span class='ocr_line' id='line_1_32' title="bbox 209 2959 1129 3046; baseline -0.002 -20"><span class='ocrx_word' id='word_1_238' title='bbox 209 2975 337 3026; x_wconf 83' lang='lat' dir='ltr'>nerente</span> <span class='ocrx_word' id='word_1_239' title='bbox 359 2979 415 3044; x_wconf 91' lang='lat' dir='ltr'>per</span> <span class='ocrx_word' id='word_1_240' title='bbox 436 2978 471 3024; x_wconf 83' lang='lat' dir='ltr'>se</span> <span class='ocrx_word' id='word_1_241' title='bbox 493 2969 524 3022; x_wconf 89' lang='lat' dir='ltr'>et</span> <span class='ocrx_word' id='word_1_242' title='bbox 546 2977 563 3022; x_wconf 84' lang='lat' dir='ltr'>e</span> <span class='ocrx_word' id='word_1_243' title='bbox 587 2970 765 3024; x_wconf 80' lang='lat' dir='ltr'>removente</span> <span class='ocrx_word' id='word_1_244' title='bbox 800 2959 967 3044; x_wconf 87' lang='lat' dir='ltr'>prohibens</span> <span class='ocrx_word' id='word_1_245' title='bbox 999 2977 1055 3046; x_wconf 93' lang='lat' dir='ltr'>per</span> <span class='ocrx_word' id='word_1_246' title='bbox 1077 2979 1129 3024; x_wconf 84' lang='lat' dir='ltr'>uc-</span> 
     </span>
    </p>
   </div>
   <div class='ocr_carea' id='block_1_4' title="bbox 132 3047 1236 3576">
    <p class='ocr_par' dir='ltr' id='par_1_5' title="bbox 132 3047 1236 3576">
     <span class='ocr_line' id='line_1_33' title="bbox 132 3047 1129 3138; baseline -0.002 -24"><span class='ocrx_word' id='word_1_247' title='bbox 132 3133 136 3138; x_wconf 26' lang='lat'><em>,</em></span> <span class='ocrx_word' id='word_1_248' title='bbox 208 3050 325 3116; x_wconf 86' lang='lat' dir='ltr'>cidens.</span> <span class='ocrx_word' id='word_1_249' title='bbox 349 3047 413 3114; x_wconf 83' lang='lat' dir='ltr'>lloc</span> <span class='ocrx_word' id='word_1_250' title='bbox 435 3060 539 3114; x_wconf 78' lang='lat' dir='ltr'>autern</span> <span class='ocrx_word' id='word_1_251' title='bbox 562 3059 607 3112; x_wconf 85' lang='lat' dir='ltr'>est</span> <span class='ocrx_word' id='word_1_252' title='bbox 630 3047 831 3133; x_wconf 87' lang='lat' dir='ltr'>impossibile;</span> <span class='ocrx_word' id='word_1_253' title='bbox 849 3047 985 3114; x_wconf 79' lang='lat' dir='ltr'>camille</span> <span class='ocrx_word' id='word_1_254' title='bbox 999 3067 1129 3134; x_wconf 82' lang='lat' dir='ltr'>corpore</span> 
     </span>
     <span class='ocr_line' id='line_1_34' title="bbox 208 3136 1236 3223; baseline -0.009 -20"><span class='ocrx_word' id='word_1_255' title='bbox 208 3136 428 3223; x_wconf 75' lang='lat' dir='ltr'>ingenembilio</span> <span class='ocrx_word' id='word_1_256' title='bbox 452 3149 523 3202; x_wconf 91' lang='lat' dir='ltr'>snut</span> <span class='ocrx_word' id='word_1_257' title='bbox 545 3147 651 3221; x_wconf 84' lang='lat' dir='ltr'>utpote</span> <span class='ocrx_word' id='word_1_258' title='bbox 675 3156 738 3200; x_wconf 88' lang='lat' dir='ltr'>non</span> <span class='ocrx_word' id='word_1_259' title='bbox 762 3137 905 3204; x_wconf 78' lang='lat' dir='ltr'>habentis</span> <span class='ocrx_word' id='word_1_260' title='bbox 931 3139 1130 3202; x_wconf 75' lang='lat' dir='ltr'>contrarietu-</span> <span class='ocrx_word' id='word_1_261' title='bbox 1235 3149 1236 3194; x_wconf 71' lang='lat' dir='ltr'>t</span> 
     </span>
     <span class='ocr_line' id='line_1_35' title="bbox 208 3222 1132 3313; baseline -0.002 -21"><span class='ocrx_word' id='word_1_262' title='bbox 208 3241 285 3303; x_wconf 90' lang='lat' dir='ltr'>tem,</span> <span class='ocrx_word' id='word_1_263' title='bbox 307 3239 338 3291; x_wconf 90' lang='lat' dir='ltr'>et</span> <span class='ocrx_word' id='word_1_264' title='bbox 360 3238 462 3290; x_wconf 87' lang='lat' dir='ltr'>motus</span> <span class='ocrx_word' id='word_1_265' title='bbox 484 3244 594 3289; x_wconf 91' lang='lat' dir='ltr'>eorum</span> <span class='ocrx_word' id='word_1_266' title='bbox 610 3224 754 3310; x_wconf 90' lang='lat' dir='ltr'>impediri</span> <span class='ocrx_word' id='word_1_267' title='bbox 770 3245 833 3294; x_wconf 86' lang='lat' dir='ltr'>uon</span> <span class='ocrx_word' id='word_1_268' title='bbox 850 3237 986 3312; x_wconf 80' lang='lat' dir='ltr'>possunt.</span> <span class='ocrx_word' id='word_1_269' title='bbox 999 3222 1132 3313; x_wconf 83' lang='lat' dir='ltr'>Oportet</span> 
     </span>
     <span class='ocr_line' id='line_1_36' title="bbox 208 3313 1130 3402; baseline 0 -22"><span class='ocrx_word' id='word_1_270' title='bbox 208 3316 304 3402; x_wconf 79' lang='lat' dir='ltr'>igitur</span> <span class='ocrx_word' id='word_1_271' title='bbox 326 3313 410 3401; x_wconf 90' lang='lat' dir='ltr'>quod</span> <span class='ocrx_word' id='word_1_272' title='bbox 433 3326 615 3380; x_wconf 79' lang='lat' dir='ltr'>moveantur</span> <span class='ocrx_word' id='word_1_273' title='bbox 642 3313 694 3378; x_wconf 83' lang='lat' dir='ltr'>ille</span> <span class='ocrx_word' id='word_1_274' title='bbox 716 3333 847 3401; x_wconf 84' lang='lat' dir='ltr'>corporo</span> <span class='ocrx_word' id='word_1_275' title='bbox 881 3335 898 3378; x_wconf 82' lang='lat' dir='ltr'><strong>a</strong></span> <span class='ocrx_word' id='word_1_276' title='bbox 933 3313 1130 3382; x_wconf 87' lang='lat' dir='ltr'>moventibus</span> 
     </span>
     <span class='ocr_line' id='line_1_37' title="bbox 210 3401 1131 3491; baseline 0.001 -24"><span class='ocrx_word' id='word_1_277' title='bbox 210 3421 267 3491; x_wconf 84' lang='lat' dir='ltr'>per</span> <span class='ocrx_word' id='word_1_278' title='bbox 289 3401 580 3491; x_wconf 64' lang='lat' dir='ltr'>apprehensionem</span> <span class='ocrx_word' id='word_1_279' title='bbox 605 3421 669 3466; x_wconf 85' lang='lat' dir='ltr'>nou</span> <span class='ocrx_word' id='word_1_280' title='bbox 693 3415 800 3472; x_wconf 83' lang='lat' dir='ltr'>cutem</span> <span class='ocrx_word' id='word_1_281' title='bbox 831 3402 1019 3484; x_wconf 70' lang='lat' dir='ltr'>sensitivam,</span> <span class='ocrx_word' id='word_1_282' title='bbox 1042 3416 1075 3470; x_wconf 92' lang='lat' dir='ltr'>ut</span> <span class='ocrx_word' id='word_1_283' title='bbox 1097 3423 1131 3468; x_wconf 91' lang='lat' dir='ltr'>o·</span> 
     </span>
     <span class='ocr_line' id='line_1_38' title="bbox 205 3487 775 3576; baseline 0.004 -18"><span class='ocrx_word' id='word_1_284' title='bbox 205 3507 353 3562; x_wconf 76' lang='lat' dir='ltr'>mensum</span> <span class='ocrx_word' id='word_1_285' title='bbox 373 3505 428 3569; x_wconf 70' lang='grc' dir='ltr'>εει</span> <span class='ocrx_word' id='word_1_286' title='bbox 452 3511 526 3576; x_wconf 77' lang='lat' dir='ltr'>crgo</span> <span class='ocrx_word' id='word_1_287' title='bbox 548 3487 775 3560; x_wconf 69' lang='lat' dir='ltr'>intellectivam.</span> 
     </span>
    </p>
   </div>
   <div class='ocr_carea' id='block_1_5' title="bbox 265 3592 624 3668">
    <p class='ocr_par' dir='ltr' id='par_1_6' title="bbox 265 3592 624 3668">
     <span class='ocr_line' id='line_1_39' title="bbox 265 3592 624 3668; baseline -0.019 -15"><span class='ocrx_word' id='word_1_288' title='bbox 265 3598 304 3668; x_wconf 78' lang='lat' dir='ltr'>(l)</span> <span class='ocrx_word' id='word_1_289' title='bbox 323 3597 361 3652; x_wconf 87' lang='lat' dir='ltr'>Cf.</span> <span class='ocrx_word' id='word_1_290' title='bbox 379 3614 439 3668; x_wconf 82' lang='lat' dir='ltr'>pog.</span> <span class='ocrx_word' id='word_1_291' title='bbox 456 3595 501 3666; x_wconf 76' lang='lat' dir='ltr'>ot,</span> <span class='ocrx_word' id='word_1_292' title='bbox 520 3601 574 3649; x_wconf 86' lang='lat' dir='ltr'>not.</span> <span class='ocrx_word' id='word_1_293' title='bbox 598 3592 624 3650; x_wconf 88' lang='grc'>1.</span> 
     </span>
    </p>
   </div>
   <div class='ocr_carea' id='block_1_6' title="bbox 0 0 1265 3970">
    <p class='ocr_par' dir='ltr' id='par_1_7' title="bbox 0 0 1265 3970">
     <span class='ocr_line' id='line_1_40' title="bbox 0 0 1265 3970; baseline 0 0"><span class='ocrx_word' id='word_1_294' title='bbox 0 0 1265 3970; x_wconf 95' lang='lat' dir='ltr'> </span> 
     </span>
    </p>
   </div>
  </div>
 </body>
</html>
