2462 3968
229 228 295 294 206
530 248 587 294 arn.
616 248 658 293 ut.
683 246 747 293 cnr.
770 245 846 294 arur.

300 314 449 404 Amplius,
471 314 610 384 Perleota
632 316 751 383 bonitas
774 314 805 380 in
829 312 923 380 rebus
955 315 1068 382 creatis
1093 335 1159 382 non

232 405 434 485 inveniretur,
457 405 515 472 nisi
538 419 619 472 esset
642 406 719 471 ordo
742 403 886 470 bonitatis
908 403 939 468 in
969 405 1022 482 eis,
1047 416 1087 470 ut
1100 405 1158 472 sei·

229 493 301 560 licet
323 494 477 582 quaedam
501 495 562 561 sint
585 493 651 560 aliis
674 493 814 570 rneliora;
838 513 900 558 non
924 494 1006 560 enirn
1038 494 1158 581 imple·

229 597 337 650 rentur
368 603 476 649 omnes
513 584 627 669 gradus
662 581 822 669 possibiles
860 581 1011 660 bonitatis,
1046 602 1158 669 neque

228 672 320 738 etiarn
345 673 446 760 aliqua
470 687 611 739 ereatura
636 671 703 736 Deo
742 669 962 736 assimilaretur
998 685 1156 758 quantum
1214 699 1215 762 3

228 761 267 826 ad
292 761 351 826 hoe
373 761 457 847 quod
481 761 569 826 alteri
594 761 755 838 rutinense
779 759 938 824 tolleretur
960 761 1049 824 etiarn
1071 780 1158 825 sum·
1214 763 1215 794 l

227 869 297 915 mus
321 849 415 914 decor
438 871 454 914 a
478 851 582 925 rebus,
607 851 632 916 si
657 850 696 914 ab
719 850 763 913 eis
787 848 865 913 ordo
885 848 1106 914 distinctorum
1129 863 1158 914 et

227 939 398 1026 disparium
423 938 593 1018 tolleretur,
616 953 658 1012 et,
682 937 766 1024 qnod
804 951 851 1002 est
885 937 1028 1023 amplius,
1062 937 1156 1002 tolle-

227 1041 312 1092 retur
350 1026 515 1094 multitudo
553 1048 570 1093 a
610 1028 713 1104 rebus,
751 1025 967 1111 inaequalitate
1006 1026 1155 1092 bonitatis
1215 1061 1216 1118 p

226 1115 358 1193 sublata,
382 1136 465 1191 curn,
488 1137 544 1204 per
566 1116 752 1181 differentias
776 1117 888 1201 quibus
921 1135 971 1180 res
1008 1118 1046 1182 ab
1072 1116 1153 1180 iuvi-

227 1225 295 1270 oem
319 1203 474 1282 differunt,
507 1227 603 1271 unurn
638 1205 734 1270 altero
773 1203 884 1268 melius
917 1205 1033 1281 existat,
1073 1207 1154 1270 sieut

226 1293 396 1358 animatum
420 1295 588 1360 inanimato
612 1307 642 1360 et
665 1292 814 1358 rationale
838 1293 1017 1369 irrationali
1041 1305 1071 1358 et
1096 1295 1152 1370 sio,

225 1383 251 1446 si
276 1381 444 1469 aequalitas
467 1384 647 1448 omnimoda
672 1395 752 1447 esset
778 1383 809 1446 iu
830 1383 936 1461 rebus,
972 1403 1035 1446 uon
1068 1397 1153 1448 esset

227 1473 286 1537 nisi
310 1491 408 1536 unum
433 1471 551 1537 bouum
574 1484 722 1549 oreatum3
746 1471 829 1556 quod
853 1469 1013 1536 manifeste
1048 1470 1151 1558 perle-

225 1561 318 1626 otioni
343 1560 471 1645 derogat
508 1574 677 1626 creaturae.
713 1559 833 1626 Gradus
867 1574 969 1624 autern
1005 1560 1151 1626 bonitatis

226 1650 368 1734 superior
388 1663 434 1714 εει
457 1663 490 1714 ut
509 1649 624 1736 aliquid
648 1651 686 1714 sit
708 1649 825 1714 bonurn
849 1648 933 1734 quod
968 1665 1029 1714 uon
1054 1645 1150 1736 possit

188 1774 192 1780 ·
226 1738 360 1804 delicere
383 1759 400 1802 a
425 1738 571 1807 bonitate:
601 1737 729 1802 inferior
762 1751 865 1802 autem
903 1758 942 1802 eo
980 1753 1026 1803 est
1062 1739 1148 1825 quod

225 1839 327 1912 potest
350 1847 367 1891 a
391 1826 529 1892 bonitate
553 1827 686 1892 delicere
709 1827 771 1913 (l).
785 1826 955 1911 Utrumque
972 1828 1063 1912 igitur
1078 1847 1147 1912 gra-

226 1915 300 1979 dum
325 1916 470 1980 bonitalis
493 1915 641 2002 perfectio
665 1917 799 1981 universi
829 1917 967 2001 requirit.
1003 1919 1047 1982 ald
1075 1938 1145 2002 pro-

225 2003 392 2070 uidentiam
416 2017 519 2070 autern
544 2005 745 2089 gubernantis
768 2004 901 2092 pertinet
924 2004 1144 2091 perlectionem

224 2092 256 2157 in
281 2092 374 2160 rebus
397 2094 576 2178 gubernatis
610 2114 804 2170 conservare,
840 2114 901 2158 non
937 2107 1041 2158 autern
1077 2114 1145 2160 eam

225 2182 376 2248 minuere.
401 2183 495 2268 lgitur
518 2202 580 2247 non
605 2183 737 2269 pertinet
760 2183 799 2247 au
822 2182 957 2246 divinam
983 2183 1146 2268 providen-
1218 2251 1219 2266 p

225 2271 298 2336 tiam
322 2285 355 2336 ut
377 2274 505 2338 omnino
528 2271 670 2338 excludat
693 2293 709 2336 a
734 2271 825 2337 rebus
863 2271 1032 2357 potentiana
1072 2272 1146 2338 defi·
1218 2267 1219 2314 t

225 2358 366 2426 ciendia
406 2361 498 2428 bono.
537 2360 622 2427 llano
659 2373 763 2426 autern
801 2359 970 2446 potentiam
1008 2362 1147 2447 sequitur

224 2447 355 2528 malum;
377 2451 449 2535 quia
472 2450 556 2537 quod
580 2462 679 2536 potest
703 2449 847 2526 delicere,
882 2448 1071 2535 quaudoque
1095 2450 1148 2516 de·

224 2535 296 2615 fieit3
327 2551 357 2603 et
380 2539 446 2625 ipse
468 2538 606 2605 ‹teteuns
637 2538 710 2603 boui
749 2537 865 2602 malurn
889 2551 946 2616 est,
984 2553 1017 2604 ut
1055 2559 1147 2626 supra

224 2640 382 2693 ostensum
406 2641 452 2692 est
475 2627 531 2715 (ε.
555 2627 617 2712 7).
648 2626 715 2691 Non
739 2639 785 2692 est
807 2627 900 2710 igitur
937 2624 976 2690 ad
1011 2626 1147 2693 divinam

179 2759 183 2768 ·
224 2715 451 2804 prouidentiam
476 2716 632 2803 pertinens
656 2729 690 2782 ut
711 2715 839 2781 omnino
874 2714 992 2780 malum
1014 2736 1032 2780 a
1056 2717 1149 2782 rebus

216 2806 402 2892 tgubernatis
426 2804 598 2892 probibeat.

291 2895 411 2972 Adhuc,
434 2891 595 2980 Optimum
620 2893 652 2957 in
683 2892 907 2978 gubernatione
944 2892 1084 2979 qualibet
1106 2906 1151 2960 est

224 2999 259 3050 ut
281 2985 376 3050 rebus
400 2983 581 3068 gubernatis
604 2982 777 3047 secundum
801 2982 929 3046 modum
964 3003 1057 3048 suurn
1082 3003 1151 3068 pro·

223 3073 378 3150 uideatur3
401 3073 432 3138 in
456 3071 516 3137 hue
538 3071 621 3136 enim
653 3071 811 3156 regiminis
848 3069 963 3154 justitia
1000 3072 1151 3137 consistit.

224 3162 311 3228 Siout
334 3161 427 3247 igitur
449 3172 531 3226 esset
554 3173 660 3226 eontra
684 3160 836 3226 rationem
849 3159 977 3224 humani
990 3160 1151 3245 regiminis

223 3253 250 3318 si
283 3249 508 3339 impedirentur
545 3269 563 3313 a
599 3249 808 3334 gubernatore
842 3248 969 3314 civitatis
1007 3249 1150 3315 homines

224 3359 318 3425 agere
339 3338 512 3406 secundum
535 3357 591 3402 sua
621 3336 731 3416 officia,
753 3337 810 3402 nisi
848 3335 928 3403 lorte
961 3337 1149 3424 quandoque

273 3460 314 3530 (l)
332 3460 369 3515 Eo
389 3466 428 3514 ort
444 3457 513 3582 guod
528 3465 624 3528 potest,
641 3459 663 3512 i.
681 3473 705 3511 e.
724 3457 832 3513 inlerior
850 3458 949 3526 gradus
965 3459 1091 3516 bonitatis
1111 3466 1152 3514 est

220 3539 257 3586 ut
275 3531 376 3600 aliquid
393 3532 428 3584 sit
464 3544 545 3583 onum
562 3530 634 3600 quod
652 3530 735 3601 possit
752 3545 767 3584 a
784 3528 902 3584 bonitate
925 3529 1044 3584 delicere.
