2516 3968
183 260 186 266 .
426 225 481 272 nto,
506 227 546 273 ιιι.
570 229 633 274 etr.
657 230 734 275 uuirt.
991 210 1051 276 lbi

139 297 172 364 in
208 289 299 364 nobis
336 315 393 384 per
425 298 555 382 gratiam
588 319 676 387 spem
713 298 835 364 suturae
858 297 1057 365 beatitudinis

135 406 269 453 ‘causari

205 475 333 542 Dilectio
357 475 439 541 enim
464 495 543 563 quae
566 489 611 542 est
634 476 672 540 ad
696 475 772 540 alios
786 476 969 577 prouenitin
1002 477 1056 542 bo·

138 564 223 630 mine
246 584 283 630 ert
306 563 468 630 dilectione
492 565 625 630 hominis
648 565 687 630 ad
711 567 857 666 seipsum,
888 565 920 628 in
959 587 1056 652 quau·

138 667 204 718 tum
229 654 267 718 ad
291 655 424 719 ornicum
448 654 557 756 aliquis
579 675 613 720 se
636 654 729 719 babet
751 654 829 718 sicut
851 653 888 718 ad
912 673 956 718 se.
981 653 1055 718 Dili-

139 743 183 826 git
206 757 308 820 autent
333 743 442 830 aliquis
463 735 599 829 seipsum
636 743 667 807 in
706 756 856 840 quantum
894 743 958 808 vult
997 744 1055 808 sibi

141 816 269 907 bonum,
291 832 368 896 sicut
390 833 483 897 alium
508 831 635 918 diligit
628 853 659 896 tn
683 836 831 918 quantum
856 831 919 896 vult
949 831 977 896 ei
1002 831 1055 896 bo-

140 939 225 984 nuru.
249 919 380 1007 Oportet
403 941 477 1005 ergo
500 922 583 1008 quod
607 922 713 999 borno,
737 941 792 1007 pcr
815 921 874 984 boc
889 920 973 1008 quod
997 921 1055 985 oir-

139 1029 175 1073 ce
198 1009 355 1096 proprium
381 1009 497 1074 bonum
521 1009 659 1088 afficitur,
693 1010 879 1096 perducatur
913 1009 951 1074 ad
990 1010 1049 1075 boc

140 1097 222 1182 qood
246 1097 394 1164 afficiatur
416 1099 495 1164 circa
518 1100 635 1164 bonum
659 1100 793 1164 alterius.
817 1097 875 1162 Per
889 1099 947 1163 boo
964 1097 1056 1184 igitur

139 1185 223 1272 quod
246 1187 355 1272 aliquis
378 1187 416 1252 ab
439 1188 498 1252 alio
521 1203 623 1274 sperat
646 1189 763 1253 bonum
787 1187 821 1252 fit
854 1187 973 1252 bomini
1008 1190 1054 1254 via

139 1275 281 1340 utillum
306 1276 451 1362 diligata
487 1297 549 1361 quo
584 1277 701 1342 bonum
738 1289 840 1362 sperat
882 1275 1053 1342 secundum

138 1365 286 1466 seipsum,
310 1363 434 1450 quando
458 1365 589 1450 diligens
612 1366 728 1432 bonurn
753 1364 819 1466 ejus
852 1364 1053 1440 volterinae

138 1455 163 1518 si
188 1453 262 1517 nihil
286 1457 313 1517 ei
337 1454 409 1518 inde
433 1454 733 1540 provenientium
726 1457 819 1540 igitur
841 1473 897 1539 per
924 1454 1053 1538 gratiam

138 1555 259 1626 gratum
283 1541 446 1607 facientem
469 1556 612 1608 causetur
635 1545 667 1607 in
691 1543 817 1617 bomine
840 1542 925 1627 quod
952 1541 1053 1608 Deum

137 1645 264 1717 propter
286 1651 320 1695 se
343 1631 460 1717 diligat,
483 1651 675 1717 consequens
691 1631 748 1697 luit
762 1645 794 1696 ut
810 1633 902 1696 etiam
914 1651 969 1719 per
985 1652 1055 1717 gra-

137 1721 211 1784 tiarn
235 1721 329 1784 borno
351 1741 439 1806 spem
471 1721 510 1784 de
543 1721 610 1786 Deo
648 1720 879 1808 adipisceretur.
915 1721 1053 1786 Amicitia

137 1828 211 1872 vero
234 1829 293 1894 qua
317 1809 385 1895 quis
409 1809 502 1874 alium
526 1808 698 1874 secundum
721 1829 755 1874 se
779 1809 887 1892 diligit,
910 1809 965 1874 etsi
990 1831 1052 1874 nun

137 1899 176 1962 sit
187 1912 311 1984 propter
334 1900 490 1984 propriam
513 1897 686 1976 utilitatem,
709 1899 802 1962 babet
814 1911 917 1963 tamen
942 1899 1055 1966 multas

137 1985 281 2055 utilitates
304 2001 540 2072 consequentes,
564 1987 735 2053 secundum
760 1986 843 2073 quod
875 2007 955 2051 unus
979 1989 1056 2052 ami-

136 2073 245 2140 corum
270 2075 358 2140 alteri
382 2077 524 2141 subvenit
541 2091 572 2141 ot
589 2077 716 2163 sibiipsi;
732 2075 814 2140 unde
827 2088 948 2160 oportet
960 2076 1056 2160 quod,

138 2184 210 2229 curn
234 2163 342 2250 aliquis
365 2164 460 2230 alium
485 2165 583 2250 diligit
608 2179 639 2229 et
661 2164 819 2248 cognoscit
840 2183 874 2227 se
896 2163 935 2227 ab
958 2183 996 2227 eo
1011 2165 1057 2228 di·

136 2253 202 2338 tigit
236 2253 275 2319 de
310 2273 348 2318 eo
371 2273 457 2339 spem
482 2253 602 2319 babeat.
629 2253 842 2340 Perlgretiam
871 2262 979 2316 autem
1015 2253 1056 2316 ita

136 2342 331 2408 constituitur
353 2342 448 2407 bomo
463 2339 520 2406 Dei
543 2342 683 2416 dilector,
706 2340 876 2406 secundum
901 2341 1055 2406 charitatis

136 2431 291 2510 allectum,
314 2431 397 2516 quod
422 2431 513 2496 etiam
537 2431 695 2496 instruitur
718 2449 773 2516 per
799 2429 893 2494 fidem
918 2429 1002 2515 quod
1037 2451 1054 2494 a

138 2520 206 2584 Deo
230 2519 458 2606 praediligatttr,
480 2519 651 2586 secundum
681 2517 758 2583 illud
795 2517 879 2604 quod
914 2519 1055 2584 liabetur:

139 2609 176 2674 In
200 2609 255 2672 boc
278 2619 324 2673 cst
345 2609 492 2711 ebaritas,
514 2629 574 2674 cort
596 2609 685 2709 puori
708 2607 976 2671 condileccrictue
994 2607 1057 2671 De·

136 2719 200 2774 um,
226 2698 282 2762 ced
304 2700 448 2782 quonium
471 2699 537 2782 ipsc
555 2701 649 2782 prior
681 2697 791 2762 dilem‘t
814 2716 879 2773 noc,
904 2694 918 2758 l
956 2695 1055 2774 loen,

136 2787 169 2866 4,
193 2786 244 2852 t0
276 2785 509 2874 Consequitur
502 2787 594 2871 igitur
627 2805 664 2852 ex
697 2786 780 2850 dono
817 2783 933 2870 gratiae
971 2787 1055 2869 quod

137 2877 233 2941 homo
257 2873 296 2940 de
319 2875 385 2940 Deo
408 2895 495 2964 spem
518 2874 640 2940 babeat.
671 2875 712 2939 Er
746 2893 808 2960 quo
843 2873 935 2938 etiam
973 2887 1056 2959 patet

137 2965 221 3051 quod
244 2965 321 3029 sicut
344 2983 413 3052 spes
434 2977 482 3030 est
516 2964 707 3052 praeparatio
731 2961 865 3028 hominis
887 2963 926 3025 ad
950 2981 1057 3027 veram

137 3053 195 3118 Dei
218 3053 425 3130 dilectionem,
448 3055 488 3118 ita
512 3066 543 3118 et
566 3073 583 3118 e
606 3072 755 3119 converso
780 3071 818 3118 cx
840 3051 1056 3116 charitatebo-

137 3161 190 3207 mo
213 3141 244 3206 in
262 3162 316 3227 spe
340 3141 548 3208 confirmatur.

205 3230 352 3317 Amplius,
376 3231 410 3296 ln
435 3231 519 3296 omni
543 3229 689 3316 diligente
707 3243 850 3296 causatur
866 3227 1053 3294 desiderium

140 3333 173 3384 ιιι
198 3320 320 3384 uniatur
346 3341 403 3386 suo
427 3321 551 3398 dilecto,
575 3319 605 3382 in
641 3333 789 3404 quantum
819 3317 962 3402 possibile
1001 3333 1057 3395 est;
1139 3331 1141 3336 '

138 3422 168 3472 et
192 3408 263 3474 binc
287 3409 438 3494 estquod
462 3407 764 3474 delectabilissitnum
789 3419 834 3471 est
851 3408 957 3470 amieis
980 3426 1054 3471 con·

139 3499 251 3564 uivere.
275 3496 306 3564 Si
329 3517 403 3584 ergo
433 3518 490 3589 per
526 3497 656 3585 gratiam
693 3497 789 3565 bomo
828 3494 885 3562 Dei
926 3495 1055 3563 dilector
