2494 3970
408 235 464 280 nro.
489 233 530 280 nr.
554 233 618 280 cto.
641 233 710 280 xxv.
976 219 1013 284 71

105 299 202 455 {iendit
235 302 267 368 in
305 302 440 369 divinam
474 305 682 390 cognitionem
721 302 798 370 sicut
820 304 851 370 in
875 306 1019 372 ultirnurn

128 409 210 456 nenr.

170 479 258 555 ltem,
280 479 409 579 Propria
431 480 569 569 operatio
594 479 758 566 cujuslibet
795 481 838 547 rei
864 495 909 548 est
947 483 1016 550 linis

102 567 181 653 ejus3
204 581 250 633 est
272 589 355 633 enim
378 571 513 640 secunda
537 569 683 657 perfectio
707 570 811 657 ipsius;
836 571 1016 658 undeqnod

101 657 141 722 ad
166 659 322 744 propriam
346 661 555 744 operationem
591 659 670 724 bene
707 679 741 724 se
776 659 871 724 babet
909 661 1019 726 dicitur

100 747 271 811 virtuosum
295 759 325 811 et
348 747 476 813 bonurn.
502 747 674 834 Intelligere
698 760 801 814 autern
826 760 870 814 est
893 751 1018 836 propria

101 835 242 921 operatio
264 835 452 902 sttbstantiae
476 837 698 902 intellectualis.
738 837 804 923 lpsa
844 837 936 922 igitur
973 852 1020 904 εει

102 923 174 988 linis
198 921 273 1010 ejus.
298 924 389 1006 Quod
413 927 572 1010 igiturest
597 925 851 1014 perfectissimum
892 927 922 991 in
962 927 1019 992 bac

103 1017 295 1099 operatione,
323 1015 382 1078 boc
404 1029 450 1080 εει
473 1014 600 1080 ultimus
626 1014 706 1093 finis,
730 1028 760 1079 ει
784 1015 949 1102 praecipue
988 1017 1019 1080 in

102 1101 333 1187 operationibus
346 1122 494 1188 quaenon
511 1103 692 1168 ordinantur
707 1102 746 1167 ad
757 1103 858 1190 aliqua
883 1118 1019 1189 operata,

101 1191 250 1273 sicutest
272 1191 444 1276 intelligere
473 1205 503 1256 et
525 1193 649 1257 sentire.
673 1191 750 1256 (lum
774 1205 877 1257 autent
912 1193 1023 1280 hujus*

102 1277 189 1343 modi
213 1281 407 1363 operationes
446 1300 483 1346 ex
520 1280 647 1366 objectis
685 1279 820 1368 speciem
860 1283 1019 1370 recipiant,

103 1388 160 1453 per
182 1387 261 1452 quae
285 1370 376 1434 etiarn
400 1383 640 1454 cognoscuntur,
662 1383 784 1454 oportet
817 1370 900 1455 quod
935 1384 1019 1436 tanto

103 1457 143 1520 sit
182 1455 344 1542 perfectior
381 1457 483 1544 aliqua
505 1459 632 1522 istarnrn
666 1459 880 1544 operationum
905 1475 1019 1546 quanto
1101 1481 1102 1486 ¹

100 1544 168 1630 ejus
190 1545 345 1630 objectum
369 1560 414 1611 est
438 1545 611 1633 perlectius3
635 1559 664 1611 ει
687 1547 740 1623 sic,
756 1547 924 1632 intelligere
951 1569 1019 1634 per·

103 1633 304 1699 lectissimum
329 1634 634 1721 intelligibile,·quod
662 1635 745 1700 Dens
783 1649 838 1714 est,
871 1650 917 1702 est
953 1659 1020 1724 per·

102 1721 303 1788 laetissimum
327 1725 358 1788 in
370 1745 484 1808 genere
500 1726 592 1810 liujus
607 1725 792 1810 operationis
809 1744 888 1810 quae
911 1740 956 1790 est
972 1727 1019 1791 in·

103 1811 250 1896 telligcre.
284 1812 476 1898 Cognoscere
499 1815 590 1898 igitur
614 1813 713 1878 Deurn
738 1813 936 1898 intelligendo
974 1830 1019 1881 est

102 1899 228 1966 ultimus
246 1900 313 1966 finis
336 1901 498 1986 cujuslibet
522 1901 735 1967 intellectualis
757 1903 952 1969 substantiae.

168 1988 273 2054 Potest
305 2006 408 2056 autern
432 1991 540 2077 aliquis
578 1992 690 2056 dicere:
727 2027 772 2040 --
805 1991 1020 2058 intellectualis

104 2077 230 2164 quidem
265 2079 451 2144 substantiae
489 2081 631 2145 ultimum
668 2079 763 2144 linem
786 2082 953 2146 consistere
991 2085 1021 2146 in

103 2167 304 2251 intelligendo
328 2170 479 2255 optimum
502 2168 705 2252 intelligibile;
731 2187 793 2232 non
818 2181 921 2234 tamen
946 2171 1022 2235 illud

104 2255 188 2340 quod
204 2269 250 2320 est
273 2257 423 2344 optimum
449 2258 640 2342 intelligibile
665 2255 756 2341 hujus
781 2256 826 2321 vel
859 2258 940 2324 illins
976 2260 1023 2322 in-

104 2343 284 2410 tellectualis
296 2346 482 2411 substantiae
497 2361 543 2411 est
558 2347 708 2434 optimum
725 2345 915 2430 intelligibile
948 2349 1021 2413 sinn

104 2433 233 2519 pliciter3
256 2435 309 2498 sed
333 2449 448 2520 quanto
472 2436 572 2521 aliqua
600 2434 814 2499 intellectualis
855 2437 1022 2502 substantia

103 2534 149 2586 est
161 2522 260 2598 altior,
273 2536 356 2589 tanto
372 2545 462 2588 suurn
481 2524 672 2608 intelligibile
689 2515 842 2610 optititum
858 2538 903 2589 est
919 2526 1023 2590 altius.

105 2611 141 2675 Et
152 2612 223 2676 ideo
239 2632 383 2698 suprema
396 2613 607 2680 intellectualis
622 2612 791 2678 substantia
804 2628 905 2678 creata
930 2615 1023 2680 babet

106 2721 162 2786 pro
186 2701 368 2786 intelligibili
392 2702 507 2788 optimo
532 2703 561 2766 id
585 2701 667 2788 quod
691 2715 737 2766 est
760 2702 911 2786 optimum
948 2705 1023 2768 siur-

105 2789 234 2874 pliciter;
259 2790 341 2856 unde
353 2789 419 2875 ejus
432 2789 557 2856 lelieitas
573 2792 631 2854 erit
647 2791 676 2854 in
695 2789 893 2874 intelligendo
911 2790 1023 2856 Denrn.

104 2877 275 2962 Cujuslibet
297 2899 370 2944 reru
405 2879 557 2944 inferioris
589 2879 777 2944 substantiae
810 2878 1024 2946 intellectualis

105 2965 232 3031 felicitas
256 2969 312 3032 erit
335 2968 505 3052 intelligere
528 2967 653 3054 aliquod
677 2967 803 3042 inferius
820 2967 1023 3052 intelligibile,

92 3055 189 3140 ·quod
214 3069 385 3122 esttamen
408 3057 591 3121 altissimum
619 3076 727 3120 eorum
767 3049 845 3142 quie
885 3057 924 3121 ab
959 3058 1023 3144 ipsa

106 3144 328 3228 intelliguntur.
346 3147 380 3210 Et
393 3145 555 3233 praecipue
571 3144 742 3208 intellectus
759 3145 885 3208 burnani
903 3147 1025 3212 uidetur

106 3233 190 3319 qnod
215 3255 276 3300 non
298 3236 336 3300 sit
358 3235 529 3319 intelligere
552 3233 703 3319 optimum
726 3233 917 3317 intelligibile
951 3239 1023 3302 sirn-

106 3321 236 3409 pliciter,
258 3336 383 3411 propter
405 3323 470 3408 ejus
486 3323 685 3396 debilitamur
702 3321 795 3385 babet
817 3323 959 3398 enimse,
983 3327 1023 3391 ad

107 3412 357 3495 cognoscendum
372 3413 446 3478 illud
469 3411 552 3498 quod
576 3425 622 3475 est
645 3411 778 3474 mantne
806 3415 1023 3494 cognoscibile,

109 3501 187 3565 sicut
209 3502 316 3568 oculus
339 3518 469 3570 noctuae
492 3502 531 3567 ad
554 3500 662 3568 solern.
688 3535 732 3551 -
765 3497 827 3566 Sed
862 3501 1024 3570 manifeste
