2462 3968
366 259 422 303 tra.
446 257 487 303 ru.
511 256 574 302 etr.
598 254 704 300 txxxn.

368 413 541 482 CAPUT
576 409 719 478 lxxxo.

259 593 350 675 Quod
365 611 497 677 corporo
512 590 661 676 iuferiora
677 597 826 672 repertur

362 681 460 747 olleo
470 703 528 767 per
549 681 721 766 superiora.

140 859 232 924 Siout
257 873 359 924 autern
383 859 415 923 in
448 857 625 924 substantiis
664 852 919 920 intellectualibus
955 865 1002 918 est

75 949 224 1034 superius
247 959 277 1013 ει
301 946 438 1026 interius,
461 949 501 1012 ita
525 949 618 1012 etiarn
652 945 682 1009 in
719 943 894 1008 substantiis
932 962 1000 1008 uor-

74 1035 247 1120 poralibus.
271 1035 465 1102 Substantiae
488 1049 590 1100 autern
615 1032 834 1098 intellectuales
850 1044 1012 1116 reguntur·

75 1125 344 1211 asaperioribus,
366 1137 400 1189 ut
435 1124 594 1211 dispositio
626 1121 748 1186 divinae
788 1119 1002 1208 providentiae

74 1213 350 1296 proportionaliter
372 1213 552 1279 descendat·
572 1228 670 1299 usque
694 1209 733 1275 ad
772 1209 888 1288 infima,
921 1209 1000 1274 siout

73 1300 134 1384 jam
148 1303 270 1367 dioturn
294 1318 340 1367 est
362 1303 418 1390 (e.
443 1303 484 1368 77
508 1315 539 1366 ει
553 1313 618 1386 seq.
635 1303 659 1386 ).
683 1297 774 1384 Ergo,
788 1300 852 1385 pari
870 1299 1000 1376 ratione,
1073 1297 1102 1368 ζ’

73 1389 222 1456 inferiora
247 1409 375 1477 corpora
399 1411 453 1479 per
476 1391 634 1476 superiora
672 1387 885 1474 disponuntur.

139 1479 293 1566 Amplius,
317 1479 440 1562 Quanto
464 1478 587 1565 aliquod
622 1497 734 1554 eorpus
772 1487 818 1540 est
856 1476 997 1561 superius

76 1566 154 1646 loeo,
181 1582 268 1633 tanto
292 1568 445 1634 invenitur
461 1585 528 1633 esse
551 1565 713 1632 lorrnalios
737 1565 799 1651 (l);
822 1576 853 1628 et
874 1577 999 1652 propter

74 1653 134 1720 boo
159 1657 384 1722 rationabiliter
406 1657 492 1722 locut
507 1657 648 1743 superior
671 1669 719 1721 εει
734 1654 819 1718 Ιοευε
836 1653 998 1729 interioris

75 1762 147 1808 narn
173 1745 294 1811 formae
318 1759 364 1811 est
387 1746 557 1821 continere,
580 1745 658 1810 sieut
683 1743 741 1809 loci
781 1742 843 1824 lib
866 1761 944 1828 aqua
968 1761 999 1807 ε-
1083 1808 1084 1812 ,

75 1831 139 1896 nim
165 1849 212 1900 est
237 1832 395 1900 lormalior
420 1849 510 1906 terra,
535 1852 588 1900 aer
627 1851 706 1918 aqua
731 1844 761 1896 et
798 1830 878 1914 ignis
916 1851 997 1896 aere.

77 1919 137 1986 Sed
162 1937 294 2009 corpora
317 1923 457 1988 caelestia
481 1938 552 1989 sunt
575 1923 721 1987 omnibus
746 1919 994 2006 loeosuperiora.

76 2007 141 2093 lpsa
166 2011 261 2097 igitur
283 2027 354 2077 sunt
376 2011 475 2096 magis
498 2009 640 2076 formalia
664 2007 808 2075 omnibus
825 2010 900 2084 aliia
924 2029 998 2094 ergo

75 2099 173 2182 magis
199 2108 295 2166 aetina
319 2097 377 2182 (ι’).
402 2101 502 2186 Agunt
540 2119 618 2184 ergo
643 2100 674 2164 in
691 2097 835 2164 inferiora
858 2113 997 2184 corpora,

74 2189 171 2253 etsie
197 2209 253 2276 per
276 2209 311 2254 ea
336 2187 478 2254 inleriora
517 2190 733 2274 disponuntur.

138 2277 228 2352 bem,
252 2277 343 2359 Quod
366 2292 414 2343 εει
434 2279 464 2342 in
488 2295 542 2342 sua
560 2281 667 2340 natura
684 2273 856 2362 perlectum
880 2273 997 2361 absque

74 2367 302 2445 eorrtrarietate,
324 2381 370 2433 est
396 2366 625 2432 universaliorls
648 2365 767 2430 uirtutis
802 2379 895 2450 quam
920 2363 995 2428 illud

125 2466 166 2532 (l)
189 2465 273 2522 Tanto
290 2473 423 2524 inuenitur
452 2485 505 2524 ease
547 2466 698 2540 formellus.
730 2467 832 2537 Corpus
858 2467 996 2521 continens

75 2542 232 2594 naturaliter
250 2541 320 2594 aliud
339 2546 447 2612 ponitur
477 2544 560 2610 alagia
587 2541 684 2594 babere
709 2539 742 2591 de
771 2541 872 2592 ratione
898 2540 998 2600 brutae

73 2622 152 2674 quarn
172 2619 335 2678 contentum3
365 2612 464 2666 formae
495 2617 564 2666 enlm
592 2620 632 2665 εει
662 2609 839 2664 determinare
868 2618 894 2666 et
912 2611 997 2676 linire;

74 2684 200 2736 materiae
219 2699 291 2750 vero,
309 2685 476 2736 determinari
495 2691 522 2736 et
539 2683 609 2736 finiri
632 2699 680 2753 per
717 2682 837 2735 formam.
865 2682 906 2748 tr,
936 2683 998 2751 quia

74 2760 173 2816 quanto
193 2769 288 2824 corpus
307 2757 419 2808 naturali
439 2751 530 2807 ordine
546 2763 586 2808 εει
605 2755 727 2824 superius
746 2754 809 2818 loco,
823 2760 896 2805 tanto
914 2755 997 2821 magis

76 2821 107 2872 td
125 2824 251 2878 inferiora
269 2833 437 2896 comparator
456 2827 523 2878 siout
546 2827 681 2878 continens
712 2823 744 2876 ad
775 2831 906 2887 contenta,
938 2826 997 2877 ideo

76 2898 259 2948 convenienter
277 2897 374 2950 dieitur
391 2897 463 2968 quod
481 2905 520 2948 εει
538 2899 616 2948 etiarn
639 2896 784 2948 formellus.

127 2965 167 3027 lit
186 2967 295 3020 Formae
314 2974 353 3022 eal
371 2971 508 3032 continere,
519 2971 586 3021 siout
599 2968 702 3020 loei.·-
719 2986 733 3015 n
751 2966 945 3019 Attendendonr
958 2973 997 3019 est

76 3033 139 3113 (5¹st
158 3038 201 3090 Fr.
220 3039 253 3092 de
272 3041 412 3110 sylvestris
427 3048 438 3106 )
456 3039 536 3108 quod,
556 3040 614 3090 lieet
645 3045 698 3090 tam
724 3036 823 3090 formae
851 3053 928 3107 quant
948 3037 995 3089 loci

76 3113 126 3156 sint
144 3111 286 3162 continere.
305 3111 353 3163 boo
372 3119 458 3164 tamen
478 3117 517 3162 εει
535 3110 611 3162 allter
629 3115 656 3160 et
687 3109 772 3173 aliter;
803 3107 898 3160 dieitur
926 3109 994 3160 eninr

77 3172 146 3230 loeus
165 3181 297 3233 continere
316 3181 540 3251 quantitativum
562 3188 670 3232 uantum
691 3179 865 3247 quantitatem
878 3180 995 3248 eorporis

75 3243 149 3301 locati
168 3251 195 3303 in
214 3251 299 3322 seipso
317 3267 372 3305 eom
394 3251 521 3317 rehendit3
541 3197 625 3304 florina
644 3256 732 3304 autern
751 3249 847 3302 dieitur
862 3253 995 3302 continere

75 3314 225 3404 formaliter
241 3331 268 3376 et
291 3267 450 3388 virtualiter,
481 3322 639 3392 inquantum
670 3321 714 3374 dat
745 3335 801 3374 esse
827 3329 853 3374 et
884 3321 994 3390 speeiem

76 3401 119 3440 001·
138 3408 178 3444 urt
197 3411 223 3444 u.

77 3524 89 3576 f
120 3405 166 3532 llil)
183 3461 273 3535 Mopir
288 3469 382 3530 aottoo,
399 3463 462 3534 quia
472 3463 677 3535 unumquodque
697 3477 776 3532 agens
790 3459 903 3534 agit'per
919 3477 992 3517 suam

87 3543 193 3587 ulmum·

120 3603 151 3669 S.
180 3606 234 3672 tt.
261 3605 404 3673 Summae
427 3606 506 3672 l‘ttt.
532 3607 564 3673 v.
590 3607 620 3672 ι.
818 3645 821 3654 2
906 3605 947 3670 16
