2494 3970
196 181 239 246 92
341 199 396 246 uto.
421 199 462 246 ιιι.
487 199 552 244 clo.
576 199 667 246 xxxu.
691 199 792 245 xxmtr.
816 197 852 243 ur
877 197 974 245 xxxiv.

197 267 349 333 velociora
372 269 509 348 homine,
548 269 701 355 quaedam
735 267 919 346 robustiora,
941 279 972 332 ct
995 267 1038 334 sic
1074 267 1117 332 de

195 357 273 421 aliis.
297 356 328 421 Si
353 357 445 442 igitur
467 358 498 424 in
523 358 570 422 lris
593 371 673 424 esset
706 377 863 422 summum
898 355 1032 434 hominis
1055 355 1117 422 bo-

195 465 283 524 num,
307 465 370 511 non
393 459 474 512 esset
496 447 591 512 homo
626 447 778 532 optimum
815 445 1005 510 animalium:
1028 443 1118 531 quod

198 548 281 620 patet
303 555 370 600 esse
392 534 515 600 l'alsum.
539 535 606 600 Non
632 548 678 600 est
699 535 793 621 igitur
826 533 954 600 felicitas
976 534 1118 600 humtum

194 623 226 688 in
250 623 339 690 bonis
361 624 499 712 corporis
522 625 702 690 consistens.

486 799 655 867 CAPUT
693 800 827 866 XXXlll.

242 977 330 1061 Quod
352 978 570 1062 satiatorum
592 979 731 1044 consistit
753 980 785 1043 iu
798 989 891 1065 purte
914 979 1070 1044 aetrsitiou.

262 1151 321 1216 Ρει
344 1153 453 1218 eadem
476 1154 569 1218 etiam
607 1167 733 1240 apparet
770 1153 854 1240 quod
893 1173 994 1239 neque
1031 1171 1120 1218 sum·

195 1263 285 1308 mum
310 1243 443 1308 hominis
466 1241 584 1307 bonum
610 1256 656 1308 est
673 1244 702 1307 in
719 1243 808 1308 bonis
824 1244 989 1308 sensitivac
1012 1241 1119 1328 partis.

264 1330 341 1396 Nam
367 1331 443 1396 haec
466 1331 560 1395 etiam
583 1331 664 1397 bona
694 1345 766 1397 sunt
790 1333 907 1398 homini
942 1345 973 1396 et
997 1331 1064 1396 aliis
1086 1351 1121 1394 a·

87 1417 90 1425 ’
197 1419 362 1486 nimalibus
385 1421 573 1485 communia.

264 1509 351 1586 ltcm,
375 1508 548 1574 Intellectus
571 1521 617 1574 est
640 1509 750 1574 melior
766 1529 869 1574 sensu.
885 1509 1006 1574 Bonum
1023 1507 1118 1590 igitur

199 1598 371 1663 intellectus
394 1611 440 1662 εει
463 1598 574 1662 ιιιεΙίιιε
611 1618 704 1683 quam
740 1599 857 1667 bonum
892 1617 1010 1662 seusus.
1049 1595 1119 1660 Non

198 1687 290 1772 igilur
312 1707 470 1752 summum
495 1686 630 1750 ltominis
654 1687 772 1752 bonum
798 1689 829 1751 in
853 1705 945 1751 sensu
969 1685 1118 1750 consistit.

266 1773 385 1851 Adhuc,
405 1775 555 1839 Maximae
578 1775 796 1841 delectationes
809 1774 979 1840 secundum
992 1792 1121 1838 sensum

199 1876 270 1928 sunt
293 1863 323 1928 in
347 1863 423 1928 cibis
446 1877 476 1928 et
498 1863 650 1938 venereis,
673 1865 703 1928 in
727 1865 839 1950 quibus
871 1875 1027 1948 oporteret
1050 1881 1119 1925 csse

199 1973 357 2018 summum
372 1951 500 2026 bonum,
523 1954 548 2016 si
572 1953 708 2017 insensu
731 1966 820 2018 esset.
855 1952 923 2017 Non
946 1965 992 2016 est
1014 1963 1119 2016 autem

199 2043 230 2105 in
255 2041 312 2106 his.
335 2041 403 2106 Non
427 2055 472 2106 est
495 2041 586 2125 igitur
609 2041 640 2106 iu
664 2062 758 2108 sensu
792 2061 950 2108 sumntum
985 2039 1119 2104 hominis

200 2130 330 2196 bonum.
362 2153 373 2170 ⁶

245 2219 394 2305 Amplius,
416 2217 532 2283 Sensus
554 2218 723 2304 diliguntur
744 2230 869 2306 propter
891 2217 1050 2282 utilitatem
1089 2229 1119 2280 et

200 2322 325 2393 propter
346 2307 563 2392 cognitionem.
589 2308 666 2372 'lota
705 2322 806 2372 autem
830 2307 943 2372 utilitas
970 2319 1129 2372 sensuum¹

201 2396 240 2460 ad
263 2397 399 2481 corporis
423 2396 503 2460 bona
527 2395 668 2474 refertum
697 2397 831 2480 cognitio
870 2411 971 2460 autem
1010 2415 1119 2459 sensus

202 2484 241 2548 ad
265 2485 479 2550 intellectivam
503 2485 675 2561 ordinatum
699 2483 781 2549 unde
804 2484 948 2551 animalia
963 2483 1119 2549 intellectu

201 2573 335 2639 carentia
358 2595 420 2639 non
444 2572 635 2638 delectantur
657 2573 687 2636 in
710 2573 871 2638 sentiendo
884 2573 941 2638 nisi
964 2593 1020 2660 per
1034 2593 1120 2638 com·
1230 2563 1231 2618 3

202 2663 393 2748 parationem
416 2661 455 2725 ad
479 2661 640 2726 utilitatem
678 2661 717 2725 ad
758 2681 869 2748 corpus
906 2663 1121 2748 pertinentem,

202 2751 373 2816 seeundum
397 2747 480 2835 quod
504 2769 559 2834 per
580 2769 688 2815 sensus
704 2752 911 2835 cognitionem
927 2771 1121 2836 consequun-

203 2853 253 2904 tur
276 2839 361 2906 cibos
384 2839 432 2903 uel
456 2857 596 2902 venerea.
620 2838 687 2902 Non
711 2853 757 2904 est
780 2839 876 2924 igitur.
896 2839 927 2903 in
951 2853 1037 2925 parte
1053 2858 1123 2903 sen·

203 2929 291 2995 sitiua
315 2947 473 2994 summum
497 2926 631 2992 ltominis
653 2927 783 3006 bouum,
806 2926 889 3013 quod
912 2941 959 2994 est
986 2926 1124 2993 felicitas.

491 3046 663 3114 CAPUT
703 3047 837 3116 XXXlV.

273 3155 362 3235 Quod
383 3155 495 3220 ultimo
518 3155 649 3219 ltominis
671 3155 805 3240 felicitas
826 3175 887 3219 nou
921 3157 1061 3222 consistit

383 3246 416 3308 iu
439 3242 557 3308 actibus
581 3244 732 3309 uirtutum
769 3245 949 3310 moralium.

272 3366 404 3453 Apparet
426 3377 529 3432 autem
552 3364 636 3450 quod
660 3385 718 3430 nec
741 3366 773 3430 in
806 3365 1036 3450 operationibus
1059 3387 1125 3434 nro-

207 3455 321 3524 ratibus
344 3455 482 3522 consistit
504 3454 612 3520 ultima
636 3453 762 3520 felicitas
785 3453 927 3548 bominis.
