2494 3970
333 235 389 280 tus.
415 212 455 280 rit.
481 233 544 280 atr.
568 235 648 282 xrtx.
676 237 711 280 er
734 235 802 282 xxx.
979 217 1023 284 89

114 315 234 392 oportet
255 322 323 370 esse
346 303 577 371 stabilissimum
595 305 626 370 in
640 304 733 372 rebus
757 305 917 385 humanis3
937 319 1026 372 natu·

114 393 218 460 raliter
240 393 323 458 euim
347 392 539 458 desideratur
561 394 705 460 diuturna
736 394 809 460 boni
847 396 1026 461 constantia.

39 558 41 567 Ι
114 483 217 548 Gloria
240 495 344 548 autem
369 501 448 567 quae
472 481 607 550 inlatus
630 483 767 549 consistit
790 496 836 550 est
863 483 1026 550 instabilis-

113 572 202 645 simm
226 571 301 636 nihil
324 571 408 637 enim
431 584 476 637 est
499 571 682 639 mutabilius
705 573 851 658 opinione
873 587 903 637 ει
936 572 1028 638 laude

111 659 257 726 humana.
280 659 349 725 Non
373 671 419 726 est
441 659 532 746 igitur
557 662 628 728 talis
650 661 747 747 gloria
775 681 932 729 summum
971 661 1027 726 lto-

110 751 204 816 miuis
220 749 346 816 bonum.

423 925 595 994 CAPUT
625 928 719 996 XXX.

146 1105 239 1186 Quod
261 1105 395 1190 solicitos
418 1106 551 1172 hominis
574 1129 636 1173 noo
659 1108 843 1175 consistitis
865 1107 991 1172 diuitiis.

179 1283 222 1348 Ex
246 1282 305 1348 lroo
328 1298 430 1350 autern
455 1299 582 1370 apparet
605 1286 689 1373 quod
717 1307 776 1354 nee
812 1284 934 1350 divitiae
957 1297 1031 1349 suut

111 1391 271 1436 summum
296 1372 567 1440 hominisbonum.

177 1460 246 1526 Non
270 1462 352 1526 euim
377 1474 561 1546 appetuntur
584 1462 776 1529 divitiaenisl
794 1474 919 1550 propter
934 1461 1028 1525 aliud:

114 1568 170 1634 per
192 1570 227 1615 se
250 1549 333 1614 enirn
358 1551 435 1616 nihil
452 1549 524 1616 boui
550 1550 695 1630 inierunt,
718 1552 773 1618 sed
790 1553 890 1618 solum
914 1550 1031 1615 utimur

114 1639 157 1703 eis
181 1638 228 1703 vel
253 1637 291 1702 ad
316 1639 454 1725 eorporis
469 1641 721 1706 sustentationem
756 1642 805 1707 vel
842 1640 881 1705 ad
916 1638 1031 1724 aliquid

114 1727 305 1813 hujusmodi.
329 1727 421 1809 Quod
444 1743 548 1794 autem
587 1742 632 1794 est
655 1750 814 1795 summum
838 1742 883 1794 est
905 1739 1031 1814 propter

114 1836 148 1879 se
171 1815 391 1896 desideratum,
426 1830 455 1881 et
479 1839 540 1882 uon
570 1831 695 1905 propter
732 1819 824 1885 aliud.
858 1817 926 1883 Non
960 1829 1031 1882 sunt

114 1904 208 1988 igitur
232 1905 353 1970 divitiae
376 1926 534 1972 summum
557 1907 691 1974 hominis
727 1907 855 1974 bonum.

179 1993 299 2072 Adhuc,
321 1994 435 2060 Eorum
464 1997 618 2082 possessio
656 1997 704 2062 vel
742 1995 933 2063 conservatio
968 2014 1031 2059 non

114 2096 215 2168 potest
238 2103 306 2148 esse
327 2104 485 2150 summum
509 2085 645 2150 hominis
669 2086 784 2152 bonum
808 2103 887 2170 quae
900 2083 1033 2148 maxime

115 2171 279 2236 conserunt
302 2171 418 2237 homini
443 2172 475 2237 in
499 2173 558 2239 hoe
581 2174 665 2261 quod
688 2175 869 2240 omittuntur
893 2172 953 2258 (1).
976 2171 1031 2236 lli-

116 2261 209 2326 vitioe
232 2273 334 2326 autom
358 2261 390 2324 in
429 2261 487 2326 hoo
511 2265 644 2328 maxime
666 2263 830 2328 oonierunt
866 2259 949 2347 quod
983 2277 1034 2325 ex·

117 2348 307 2433 penduntur3
331 2349 391 2414 hoo
407 2350 489 2414 enim
514 2371 622 2417 earum
645 2373 718 2417 usus
756 2365 812 2416 est.
845 2351 912 2416 Non
937 2362 1035 2434 potest

117 2437 211 2522 igitur
233 2436 409 2503 diuitiarum
433 2441 587 2526 possessio
614 2461 682 2506 esse
704 2459 863 2506 summum
882 2437 1034 2503 ltominis

117 2526 246 2592 honum.

185 2614 333 2701 Amplius,
356 2615 447 2682 Actus
470 2619 588 2684 virtutis
612 2616 774 2683 laudabilis
796 2628 843 2682 est
865 2611 1036 2681 seeundum

118 2703 204 2788 quod
227 2703 267 2767 ad
290 2703 463 2771 felicitatem
488 2707 615 2774 aooedit.
638 2706 733 2792 Magis
766 2718 869 2770 autem
904 2715 950 2769 est
974 2703 1038 2768 lau·

123 2791 234 2857 dabilis
257 2805 343 2858 aetus
364 2793 555 2863 liberalitatis
571 2808 601 2861 ει
617 2793 857 2872 munificentiae,
872 2812 951 2879 quae
967 2803 1039 2856 sunt

119 2880 200 2946 oiroa
224 2882 368 2967 peounias
391 2903 428 2948 ex
466 2885 526 2950 lroo
548 2884 631 2970 quod
666 2883 818 2971 pecuniae
856 2881 1038 2946 emittuntur

118 2988 213 3054 quam
236 2990 273 3034 ex
296 2971 356 3037 hoo
378 2971 461 3057 quod
484 2984 715 3050 conservantur3
741 2971 824 3037 unde
862 2983 892 3035 et
916 2969 954 3034 ab
979 2968 1039 3034 hoe

120 3058 247 3122 nomina
271 3059 382 3124 harum
408 3061 555 3126 virtutum
590 3074 764 3126 sumuntur.
802 3059 870 3126 Non
904 3057 1040 3122 consistit

120 3145 214 3231 igitur
237 3147 371 3213 hominis
394 3148 521 3215 lelioitas
546 3152 576 3214 in
601 3151 794 3235 possessione
817 3147 1002 3212 divitiarum.

188 3235 275 3311 Item,
299 3236 376 3302 lllud
399 3237 431 3302 in
446 3237 533 3324 eujus
556 3238 773 3304 consecutione
800 3256 958 3302 summum
982 3236 1038 3301 ho-

122 3322 214 3388 minis
229 3323 347 3390 bonum
371 3339 416 3392 est
439 3340 560 3414 oportet
590 3345 659 3392 esse
683 3326 808 3394 homine
833 3325 954 3390 melius.
984 3325 1038 3390 Di-

177 3445 216 3511 (l)
233 3446 362 3500 Eorum...
382 3466 445 3520 quoe
462 3451 575 3502 maxime
593 3450 763 3522 confersam,
780 3449 796 3501 l.
809 3463 832 3500 e.
850 3463 940 3501 earum
953 3463 1040 3502 rerum

124 3531 191 3586 quae
202 3525 264 3572 tuno
282 3520 395 3574 maxime
413 3521 510 3575 homiui
523 3528 635 3592 prosunt
662 3537 721 3577 oum
739 3521 906 3576 emittuntur.
