2452 3970
221 244 283 309 i't'i
528 262 584 310 tm.
608 265 648 310 nt.
672 263 736 310 cte.
760 262 828 308 nnn.

218 331 421 398 ammiratione
444 346 499 412 est,
523 334 625 398 aditus
656 333 846 397 desiderium
880 347 997 400 *manet
1029 335 1152 404 Divina*-

219 437 321 486 autem
346 422 516 487 substantie
540 442 557 487 a
580 420 717 509 quolibet
741 422 895 486 intettecu
919 439 1022 490 creato
1051 447 1146 492 snm·

219 531 274 596 per
293 531 365 575 eum
389 511 593 575 admiratione
616 511 747 589 uidetur,
766 529 841 575 ‘eum
878 511 981 576 matius
1021 515 1145 580 intelie-

217 615 283 664 ctus
306 613 423 666 creatas
446 619 515 664 eam
537 600 792 686 comprehendat.
827 599 1025 684 impossibile
1049 619 1095 670 est
1120 608 1144 670 i·

216 691 298 772 gitur
318 688 404 774 quod
425 689 595 753 substantia
622 688 834 776 intellectualis
864 689 948 754 itiam
989 691 1143 760 visionem

217 776 360 856 fastidiat,
383 791 413 842 et
436 778 476 842 ita
501 798 563 842 non
587 791 778 862 potestesse
801 777 885 863 quod
910 799 965 864 per
978 783 1144 868 propriam

217 867 405 932 uoluntatem
431 867 469 930 ub
494 867 543 930 itta
568 867 685 930 visione
709 865 847 930 tasum.

283 953 666 1040 ianuamianuaim
705 958 828 1018 metunt
867 955 951 1042 prius
990 957 1077 1022 unita
1110 975 1146 1027 et

217 1043 413 1128 postmodum
438 1057 628 1130 separentur,
649 1039 772 1129 oportet
806 1044 891 1129 quoti
923 1045 985 1109 troo
1007 1048 1146 1114 ‘iaeeidat

217 1152 273 1212 per
295 1133 497 1197 mutationem
520 1132 650 1216 alicujus
671 1152 793 1208 eorum3
818 1132 925 1197 relatio
942 1135 1038 1210 enim,
1059 1138 1145 1202 sieut

218 1241 278 1286 non
304 1221 408 1308 incipit
430 1241 498 1286 esse
522 1221 664 1285 denum
687 1221 803 1306 absque
819 1224 988 1287 mutatione
1013 1223 1144 1292 alterius

218 1311 399 1388 relatorum,
422 1310 461 1374 ita
483 1330 543 1374 nee
581 1310 696 1394 absque
732 1312 900 1374 mutatione
938 1311 1068 1378 alterius
1097 1317 1143 1380 ¹ele

218 1419 298 1464 nouo
322 1419 389 1465 esse
412 1399 534 1464 desinit.
558 1397 732 1465 intellectus
762 1413 865 1463 autem
897 1414 1019 1466 oreatus
1058 1404 1144 1469 uidet

216 1488 317 1553 Deum
342 1509 397 1574 per
419 1487 479 1552 hoe
496 1487 585 1574 =quod
610 1487 637 1552 ei
660 1487 895 1574 quodammodo
912 1489 1028 1568 unitur,
1053 1505 1089 1556 ut
1103 1513 1144 1558 ex

216 1577 304 1642 dietis
328 1577 474 1662 (anot)
498 1589 592 1664 patet.
630 1575 662 1640 Si
696 1596 772 1661 ergo
811 1577 886 1641 nisio
917 1577 951 1642 itt
1004 1581 1142 1660 desinat,

218 1668 332 1730 unione
357 1666 535 1751 hujusmodi
558 1665 729 1740 desinente,
753 1679 874 1750 oportet
898 1595 981 1750 quoii
1011 1669 1145 1735 itocfiat

217 1773 272 1840 per
295 1759 496 1819 mutationem
521 1753 641 1818 divinae
664 1754 862 1818 substantiae·
876 1753 923 1820 vei
961 1755 1142 1824 intellectus

216 1845 314 1929 ipsam
336 1843 478 1919 videntis
500 1863 633 1928 quorum
669 1857 835 1927 utrumque
858 1857 902 1908 est
935 1844 1143 1931 impossibiie3

213 1951 289 2004 ¹tuam
310 1931 414 1996 ¹d'ntitnt
431 1931 603 1996 ,substantia
628 1944 675 1995 est
697 1932 907 2012 immutabitis,
922 1945 961 1998 ut
977 1949 1142 2003 ostensum

217 2035 263 2086 εει
286 2021 333 2106 (Ι,
360 2021 390 2098 1,
411 2041 438 2085 ε.
472 2017 553 2102 13');
586 2020 758 2086 substantia
792 2021 885 2084 etiam
920 2023 1140 2094 intellectualis

218 2111 354 2175 elevetur
376 2127 468 2196 supra
492 2128 617 2174 omnem
643 2111 854 2186 mutationem,
883 2129 956 2174 eum
980 2112 1038 2178 Dei
1062 2117 1140 2180 sub-

216 2199 358 2268 stantiam
384 2199 475 2262 uidet.
501 2197 692 2284 Impossibile
715 2211 761 2262 est
784 2199 877 2280 igitur
903 2201 987 2284 quod
1023 2202 1141 2289 aliquis

217 2288 338 2354 decidat
361 2287 400 2352 ab
423 2288 473 2352 iiia
497 2285 639 2351 ieliuitate
662 2307 722 2373 qua
746 2287 803 2350 Dei
814 2287 1016 2354 substantiam
1040 2293 1137 2358 ridet.

284 2377 371 2451 item,
394 2375 517 2460 Quaruo
538 2375 657 2462 aliquid
680 2392 725 2440 εει
752 2375 819 2440 Deo
845 2378 1059 2464 propinquius,
1082 2383 1138 2468 qni

217 2480 263 2530 εει
285 2468 414 2531 omnino
437 2463 615 2538 immobilis,
640 2477 723 2528 tanto
747 2478 793 2528 est
817 2467 919 2530 tainus
939 2469 1091 2534 mutabile
1108 2484 1141 2536 et

217 2555 315 2640 magia
339 2569 548 2638 perseuerans
572 2552 656 2618 unde
678 2552 830 2638 quaedum
853 2575 994 2640 corpora,
1010 2573 1143 2646 propter

219 2643 382 2731 booouod
408 2643 499 2728 longe
533 2642 647 2706 distent
681 2663 697 2705 n
735 2642 813 2718 Deo,
850 2663 916 2707 nun
951 2661 1081 2730 possunt
1106 2650 1141 2714 in

216 2747 401 2821 perpetuum
425 2731 549 2804 durare,
571 2732 649 2797 sium
670 2730 781 2796 dieitur
804 2733 835 2794 in
862 2734 1003 2799 seeundo
1026 2734 1066 2800 de
1076 2735 1141 2802 Ge-

217 2824 376 2888 neratione
400 2823 411 2900 (
425 2829 496 2884 text.
516 2839 632 2884 ‹oomua
668 2819 749 2903 ott).
781 2818 846 2884 Sed
875 2821 960 2888 uuila
994 2838 1140 2892 ereatura

217 2925 317 3000 potest
340 2911 407 2975 Deo
429 2908 556 2974 vicinius
580 2911 826 2996 appropinquare
849 2929 942 2995 quum
973 2931 1054 2998 quae
1069 2913 1142 2998 ejus

216 3001 419 3066 substantium
442 2997 533 3062 vitiet.
556 2995 704 3063 Creatnra
721 3000 813 3080 igitur
829 2999 1041 3066 inteiieetuaiia
1056 3023 1142 3090 quae

215 3091 272 3155 Dei
297 3087 497 3154 substantium
522 3087 603 3150 videt
625 3107 780 3150 summum
791 3087 1038 3154 immobilitatem
1062 3112 1141 3158 eon·

215 3179 365 3265 aequitum
389 3197 451 3241 non
473 3175 566 3260 igitur
589 3175 734 3263 possibile
757 3189 803 3240 εει
822 3177 911 3262 quod
932 3197 1072 3265 unquam
1095 3183 1140 3248 ab

217 3266 409 3332 iiia'risione
427 3264 562 3330 deficiat„
705 3327 707 3332 .

272 3355 360 3420 ilina
382 3353 534 3440 estquod
557 3353 588 3418 in
618 3351 751 3418 Paeimis
787 3351 908 3419 dieitur:
938 3355 1048 3422 utente
1083 3361 1143 3444 put

217 3443 407 3510 habitunt-in
413 3444 504 3508 domo
511 3453 580 3520 tom
594 3441 734 3518 Dumium
745 3442 783 3506 ,in
794 3445 921 3509 saecuta
935 3449 1140 3514 saeculorum

217 3531 391 3599 laudabunt
415 3530 578 3610 taiselm.
600 3527 654 3612 85,
679 3530 709 3610 53
732 3543 763 3596 ει
785 3531 868 3596 aiibi:
896 3529 968 3600 Nou
999 3556 1141 3602 commo-
