2452 3970
394 248 449 292 tm.
474 249 514 292 ιιι.
539 247 603 293 eae.
625 249 693 292 xxu.
950 227 1012 292 ll3

104 313 197 378 eundo
221 314 324 393 modo,
347 316 418 402 quia
443 317 613 400 intelligere
651 337 706 402 per
733 315 866 402 speeiem
903 314 1014 380 iutelli-

102 401 219 484 giltilem
259 405 567 484 altribuiturluirtuti
593 405 806 481 intellectitae,
839 403 927 489 eujus
960 405 1013 470 illa

100 491 211 575 speeies
235 493 433 578 intelligibilis
457 509 503 558 est
526 492 637 570 forma,
661 514 718 558 nee
741 508 844 557 autem
872 494 1013 558 coneedit

99 579 265 646 Alexander
287 583 370 669 quud
394 581 565 658 intellectus
589 582 742 669 possibilis
766 580 813 646 vel
840 581 1012 646 intellectus

98 668 126 730 in
150 669 254 735 habitu
277 671 426 755 intelligat
448 671 632 736 substantias
655 684 820 758 separatas,
843 670 925 735 unde
947 690 1012 735 nun

96 769 191 840 potest
215 779 283 824 esse
306 761 390 845 quud
412 766 455 824 sie
479 760 685 844 intelligamus
709 759 893 824 substantias
922 779 1010 844 sepa·

97 858 174 910 ratas
197 867 252 932 per
276 848 462 913 intellectum
485 855 640 933 agentem,
657 850 734 913 sieut
749 848 947 932 intelligimus
958 848 1011 911 ali·

95 951 151 1016 qua
176 955 232 1020 ρει
245 937 380 1022 speeiem
392 938 625 1022 intelligibilem.
641 937 671 1002 Si
685 951 786 1002 autem
802 938 852 1026 (l)
864 938 940 1002 sieut
955 957 1011 1022 per

96 1022 235 1088 virtutem
260 1025 485 1103 intellectivam,
508 1040 629 1112 oportet
652 1025 735 1111 quod
760 1027 859 1111 ipsum
898 1025 1011 1103 ἰιιιεΙΙί-Δ

93 1129 164 1192 gere
188 1112 361 1179 intellectus
385 1117 502 1198 agentis
524 1117 562 1179 sit
580 1114 751 1198 intelligere
775 1115 917 1178 hominis.
945 1113 1009 1180 llue

92 1213 192 1264 autem
217 1223 285 1266 esse
308 1223 370 1266 non
394 1205 574 1288 putest‚nisi
599 1223 635 1268 ex
648 1205 814 1268 substantia
837 1202 1009 1268 intellectus

91 1291 207 1370 agentis
223 1305 254 1355 et
277 1292 444 1357 substantia
467 1293 601 1356 huminis
625 1292 677 1356 stet
710 1311 806 1356 unum
837 1292 1007 1356 seeundum

91 1394 166 1456 esse;
189 1379 380 1466 impossibile
402 1394 448 1445 est
470 1382 564 1459 enim,
587 1382 612 1444 si
636 1381 696 1446 siut
718 1382 797 1451 duae
820 1381 1007 1446 substantiae

90 1468 261 1532 seeundum
286 1489 354 1534 esse
377 1469 526 1546 diversae,
548 1468 635 1554 quod
674 1469 810 1555 operatio
845 1469 935 1534 unius
969 1470 1007 1532 sit

91 1559 226 1637 operatio
249 1557 384 1623 alterius.
402 1558 464 1622 Erit
481 1559 572 1642 igitur
596 1557 768 1622 intellectus
791 1577 885 1641 agens
910 1577 1005 1620 uuum

90 1646 259 1710 seeundum
281 1667 349 1712 esse
373 1667 443 1712 eum
469 1648 605 1723 humine3
630 1666 691 1710 nun
715 1660 818 1710 autem
835 1646 1004 1710 seeundum

90 1749 154 1795 esse
170 1735 370 1814 accidentale,
383 1735 529 1822 quiajam
554 1754 617 1800 uon
634 1748 713 1799 esset
728 1734 899 1800 intellectus
911 1753 1005 1818 agens

88 1820 263 1900 substantia,
289 1824 343 1888 sed
368 1824 521 1902 aeeideus3
545 1825 588 1888 sie
605 1823 694 1888 enixu
718 1844 755 1888 ει
779 1824 882 1888 colore
896 1837 926 1887 et
939 1843 1005 1888 eor·

89 1927 160 1988 pure
173 1911 206 1976 fit
220 1933 316 1976 unum
328 1913 499 1980 secuudum
517 1933 587 1978 esse
601 1912 796 1978 accidentale.
813 1913 1005 1998 Relinquitur

90 1996 178 2079 igitur
200 2002 284 2086 quod
308 2002 485 2067 intellectus·
505 2021 600 2085 agens
623 2003 660 2066 sit
683 2022 753 2066 eum
768 2002 893 2066 humine
907 2021 1002 2065 unum

87 2089 254 2154 seeundum
279 2111 346 2156 esse
369 2091 576 2156 substantiale.
600 2089 663 2154 Erit
693 2090 786 2174 igitur
819 2091 867 2155 vel
901 2091 1002 2154 anima
1033 2149 1043 2174 ⁶

87 2170 219 2242 humana
244 2178 291 2244 uel
307 2201 377 2265 pars
401 2179 477 2265 ejus,
501 2192 531 2243 et
554 2199 616 2243 ιιοιι
641 2177 741 2263 aliqua
764 2178 932 2244 substantia
954 2199 1002 2242 se-

87 2279 197 2344 parata,
222 2269 299 2333 sieut
322 2268 493 2334 Alexander
507 2266 681 2353 pouit.Non
707 2267 820 2350 igitur,
831 2267 1002 2332 seeundum

86 2351 263 2434 opinionem
288 2357 462 2435 Alexandri,
486 2372 584 2442 petest
606 2357 679 2442 puni
703 2355 786 2441 quud
825 2357 920 2420 homo
956 2357 1002 2420 in-

86 2439 196 2526 telligat
220 2445 404 2530 substantias
428 2460 591 2531 separatas.
871 2499 874 2508 .

148 2533 299 2618 Amplius,
337 2535 369 2598 si
409 2534 580 2600 intellectus
603 2552 698 2616 agens
732 2532 918 2620 quandoque
950 2534 1002 2598 liet

86 2612 180 2686 forma
206 2623 291 2686 istius
324 2623 469 2702 hominis,
493 2624 532 2686 itu
567 2622 650 2708 quod
689 2642 744 2707 per
767 2623 867 2708 ipsum
892 2623 1000 2686 intelli-

85 2721 155 2784 gere
179 2711 284 2798 possit,
307 2711 416 2776 eadem
438 2712 556 2778 ratione
580 2712 690 2797 putarit
713 2710 779 2774 fieri
803 2709 901 2775 forma
925 2711 999 2774 alte·
1072 2714 1074 2719 '
1152 2721 1154 2734 '

84 2792 144 2858 rius
156 2797 289 2866 huminis
302 2802 470 2887 peripsum
484 2801 622 2864 similiter
636 2799 842 2884 intelligentis.
855 2798 1000 2883 Sequitur
1029 2863 1031 2870 χ

83 2891 154 2966 erga
177 2889 260 2974 quod
285 2891 346 2954 duo
370 2890 512 2954 immines
535 2888 626 2953 simul
639 2909 693 2974 ρει
706 2887 892 2952 intellectum
906 2908 999 2970 agen·
1027 2936 1030 2942 -

84 2981 142 3036 lem
166 2977 335 3063 intelligent
358 2977 436 3043 sieut
457 2997 512 3063 per
537 2975 666 3042 sormam
691 2997 788 3040 suam.
812 2975 876 3041 Hau
893 2990 997 3040 autem

83 3072 127 3154 est
150 3064 188 3128 ita
213 3068 296 3151 quud
321 3069 421 3154 ipsum
458 3064 631 3149 intelligere
666 3065 841 3130 intellectus
879 3066 997 3149 agentis
1090 3098 1096 3109 =

83 3160 119 3210 su
140 3150 310 3240 intelligere
333 3155 529 3238 intelligentis
553 3173 608 3239 per
632 3155 742 3238 ipsum,
755 3168 788 3218 ut
799 3153 864 3240 jam
880 3153 997 3218 dietum

84 3249 136 3302 0⁸1.
159 3241 221 3308 Erit
232 3264 306 3329 ergo
322 3243 404 3308 idem
418 3243 588 3327 intelligere
600 3242 733 3306 duorum
750 3242 997 3329 intelligentium

84 3330 162 3408 quud
186 3347 231 3397 est
254 3333 452 3419 impossibile.
790 3381 792 3390 .
899 3355 902 3362 ·

134 3453 174 3520 (1)
202 3451 231 3507 St
257 3461 371 3510 autem...
399 3452 542 3524 suppia...
560 3451 737 3524 Intelliqimut
759 3467 803 3506 eas
827 3468 875 3522 per
893 3452 996 3507 intelle·

83 3526 148 3577 tium
165 3533 290 3596 nqertlem.

171 3599 201 3665 S.
230 3598 283 3663 Tu.
311 3595 550 3666 SummuePltil.
575 3596 607 3665 ll.
632 3596 662 3662 ἢ.
756 3586 759 3591 ’
885 3581 907 3659 8
