2514 3972
241 221 305 286 ott
552 243 608 288 nn.
631 243 672 287 m.
696 241 759 287 cte.
784 242 843 288 citt.

564 397 831 466 ctenrcut.
890 353 893 362 ’

282 576 371 656 Quod
392 575 581 643 substantiae
596 577 777 656 spirituales
792 579 899 662 ulique
911 577 1063 644 miracula
1079 599 1157 664 ope·

321 678 541 750 rerumquae
565 677 666 730 turaeu
689 687 750 730 unu
772 679 842 732 artat
864 687 935 732 uere
957 670 1124 734 miracula.

300 841 369 906 Fuit
391 855 493 907 autem
518 841 626 927 positio
650 842 885 928 dvicennaell)
901 843 984 930 qnod
1007 846 1156 910 stilistan·
1241 893 1242 912 t

234 930 282 996 tiis
305 932 452 1016 separatis
481 931 577 996 multo
601 933 698 1015 nangis
721 932 824 996 obedit
848 933 975 998 materia
1003 935 1041 998 ad
1083 955 1157 1020 pro·

157 1037 158 1040 ’
234 1019 409 1090 ductionem
433 1019 561 1104 alicujus
584 1019 708 1087 effectus
732 1041 824 1106 quam
847 1023 1007 1088 contrariis
1031 1023 1155 1108 agenti·

234 1107 291 1172 hus
314 1109 343 1172 in
368 1121 487 1184 natura;
511 1109 592 1173 urrde
617 1110 701 1191 ponit
715 1110 798 1194 quod
815 1111 853 1174 ad
867 1111 1154 1197 apprehensionem

233 1197 457 1281 praedictarum
482 1199 718 1262 substantiarum
743 1201 880 1284 sequitur
915 1201 1070 1264 interdum
1106 1201 1153 1266 ef-

234 1284 329 1349 fectus
354 1285 462 1370 aliquis
487 1287 603 1350 inistis
639 1285 845 1363 inferioribus,
882 1289 929 1352 vel
963 1289 1153 1374 pluviarum,

232 1374 280 1438 vel
303 1377 439 1440 sanitatis
462 1373 588 1459 alicujus
612 1375 736 1453 infirmi,
749 1377 864 1462 absque
877 1377 979 1462 aliquo
995 1398 1150 1462 corporeo

233 1477 343 1547 agente
367 1463 479 1528 medio.
503 1463 723 1550 Cujusquidem
747 1466 869 1548 signum
903 1467 942 1530 ab
966 1468 1069 1530 anima
1094 1489 1154 1532 noe

231 1566 292 1616 stra
316 1554 441 1637 accepit,
461 1572 540 1637 quae
563 1573 633 1618 curn
665 1552 756 1616 inerit
780 1552 865 1618 fortis
905 1556 936 1620 in
958 1577 1013 1620 sua
1038 1555 1151 1640 imagi-

233 1641 365 1719 natione,
389 1643 427 1706 ad
451 1641 548 1706 solam
572 1643 851 1726 apprehensionem
876 1643 1057 1708 immutatur
1080 1665 1150 1710 cor·

232 1751 299 1816 pus3
322 1732 399 1795 sicut
423 1752 493 1795 enm
517 1731 584 1815 quis
611 1730 772 1794 ambulans
789 1732 1013 1817 supertrahcm
1038 1733 1069 1796 in
1086 1734 1150 1798 alto

232 1820 360 1904 positam
385 1819 465 1882 cadit
488 1818 526 1882 de
550 1817 640 1892 facili,
663 1819 733 1904 quia
758 1821 942 1904 imaginatur
979 1842 1087 1886 casam
1113 1843 1151 1886 cx

231 1909 351 1984 timorc;
368 1927 430 1970 non
454 1921 556 1972 autem
581 1907 716 1988 caderet,
739 1908 764 1972 si
788 1922 867 1974 esset
891 1909 992 1974 trabes
1016 1909 1068 1974 illa
1092 1931 1150 1997 po-

229 1997 286 2059 sita
308 2015 400 2082 super
424 2010 547 2074 terrain,
576 1997 658 2060 unde
681 2017 786 2060 casum
812 1997 923 2062 timere
946 2019 1008 2062 non
1034 2012 1148 2084 posset.
1241 2025 1242 2028 ¹

230 2081 421 2149 Manifestum
445 2098 617 2149 astantem
642 2085 724 2170 quod
748 2085 786 2148 ad
810 2085 908 2151 solam
926 2088 1149 2172 apprehensio·

229 2193 299 2238 nem
324 2174 445 2241 animae
469 2173 592 2238 calescit
614 2193 736 2257 corpus,
773 2173 851 2240 sicut
874 2175 982 2239 accidit
1016 2175 1048 2240 iu
1071 2197 1149 2242 con·
1241 2171 1242 2182 ¹

227 2263 454 2348 cupiscentibt's
478 2262 523 2326 vel
546 2263 641 2336 ir·atis;
665 2275 716 2336 aut
739 2263 832 2326 etiarn
850 2263 1053 2348 infrigidatur,
1068 2271 1148 2330 sieut

229 2350 338 2416 accidit
360 2351 391 2416 in
415 2349 601 2415 umentibus.
619 2349 812 2436 Quandoque
837 2354 929 2416 etiam
965 2354 1148 2422 immutatur

148 2507 155 2523 ,
227 2459 265 2504 ex
289 2437 358 2504 forti
382 2438 627 2525 apprehensione
662 2440 700 2504 ad
735 2441 869 2525 aliquam
904 2441 1144 2525 aegritudinem,

228 2540 300 2614 puta
324 2527 442 2592 febrem
467 2527 515 2592 vel
537 2527 628 2592 etiarn
646 2527 773 2614 lepram.
787 2529 821 2592 Et
845 2530 997 2616 perhanc
1014 2531 1146 2598 modum

226 2617 298 2681 dicit
320 2616 416 2704 quod,
438 2618 462 2680 si
487 2617 588 2680 anima
612 2616 649 2680 sit
676 2637 762 2702 pura,
786 2639 848 2682 non
872 2617 1008 2703 subjecta
1032 2639 1145 2706 corpo-

225 2705 342 2772 ralibus
366 2706 558 2792 passionibus
581 2717 612 2768 et
635 2703 719 2770 fortis
754 2707 785 2770 in
808 2727 863 2770 sua
886 2707 1146 2793 apprehensione,

224 2795 309 2880 qood
332 2793 437 2860 obedit
468 2793 705 2879 apprehensioni
730 2793 795 2879 ejus
819 2816 881 2860 nnn
905 2795 1006 2860 solum
1030 2817 1145 2884 eorpus

223 2884 393 2971 proprium,
405 2883 459 2948 sed
472 2902 600 2968 corpora
614 2886 705 2946 etiam
725 2885 887 2958 eutaricum
901 2884 979 2949 adeo
996 2887 1080 2971 quod
1103 2887 1145 2952 ad
1241 2877 1242 2918 ³

222 2971 290 3055 ejus
313 2971 590 3060 apprehensionem
614 2985 740 3036 sanetur
762 2972 872 3058 aliquis
907 2973 1057 3053 infirmus,
1093 2977 1143 3041 vel

222 3061 336 3147 aliquid
358 3061 441 3126 aliud
466 3058 652 3143 hujusmodi.
683 3060 718 3124 Et
741 3061 800 3124 hoc
824 3061 909 3148 ponit
932 3082 998 3127 esse
1015 3083 1142 3130 causam

221 3147 441 3226 fascinationis,
464 3152 535 3234 quia
559 3149 665 3213 anima
689 3149 831 3234 alicujus,
865 3153 1065 3216 vehementer
1098 3153 1141 3218 af-

221 3237 297 3304 fecta
321 3238 352 3302 iu
366 3237 590 3315 malevolentia,
607 3238 698 3302 hahet
711 3237 946 3324 impressionem
958 3244 1140 3306 nocumenti

221 3327 252 3390 in
276 3327 421 3412 aliquem,
445 3327 577 3390 maxime
601 3347 742 3410 puerum,
765 3327 829 3412 qui,
853 3344 980 3414 propter
1002 3331 1139 3415 corporis

221 3415 470 3494 teneritudinem,
493 3428 538 3480 est
561 3413 647 3479 facile
674 3417 866 3502 susceptivus
891 3417 1138 3506 impressionum.

254 3517 296 3586 (l)
317 3520 355 3572 De
372 3518 478 3584 Anima,
497 3519 514 3570 l.
533 3517 559 3586 (i,
577 3533 599 3571 c·
617 3518 634 3572 ᾖ
651 3526 678 3572 et
695 3521 712 3575 l.
731 3518 757 3590 8,
776 3536 799 3576 e·
817 3521 866 3576 ult.
952 3581 953 3584 Ἴ
