2462 3968
395 242 451 286 trs.
476 243 516 288 tn.
542 243 606 288 car.
631 243 708 287 actv.
951 221 1016 288 985

157 307 311 396 Amplius,
334 309 364 376 St
390 311 504 396 aliquid
539 326 585 377 est
622 313 779 398 provisum
804 331 820 374 a
844 309 921 388 Deo,
945 327 1016 398 puta

92 398 176 485 quod
203 399 272 464 talis
295 399 333 466 sit
356 414 549 484 regnaturus
587 415 640 466 aut
678 421 752 485 crgo
792 401 937 485 passibile
973 416 1018 466 est

92 488 341 574 acciderequod
366 509 427 554 non
451 503 568 574 regnet,
592 505 643 554 aut
667 509 739 554 non.
772 489 802 552 st
817 489 941 573 quidem
955 510 1016 553 non

93 590 137 642 est
160 577 310 664 possibile
333 578 434 664 ipsum
459 599 521 642 non
546 599 687 664 regnare,
718 599 793 662 ergo
828 578 1018 663 impossibile

92 677 137 730 est
160 667 266 752 ipsum
290 687 351 731 nan
375 687 516 752 regnare3
539 689 613 754 ergo
637 668 843 735 necessariam
878 679 923 730 est
946 687 1017 730 eum

92 774 236 840 regnare.
261 754 292 818 Si
316 770 419 820 autern
444 757 589 842 possibile
612 771 658 821 est
688 777 760 821 eum
784 777 846 819 non
886 775 1018 838 regnare

93 839 248 929 (possibili
273 859 375 908 autern
399 848 510 931 posito,
533 867 595 910 non
634 847 772 932 sequitur
807 843 921 930 aliquid
960 845 1018 907 irn-

93 933 269 1018 possibile)‚
293 935 430 1020 sequitur
453 935 588 999 divinam
612 934 836 1021 providentiam
876 932 1020 1008 deficere;

91 1037 230 1086 nonest
259 1023 350 1104 igitur
388 1024 579 1110 impossibile
617 1025 753 1088 divinam
793 1021 1017 1108 providentiam

92 1109 230 1176 deficere
255 1109 313 1196 (t).
338 1111 432 1196 igitur
466 1125 597 1198 oportet,
621 1115 645 1176 si
670 1113 773 1176 omnia
804 1112 864 1175 sint
898 1112 1018 1196 provisa

92 1199 213 1276 aDeo,
238 1215 290 1264 aut
313 1201 396 1285 quod
434 1199 535 1266 divina
560 1201 750 1288 providentia
789 1219 850 1264 non
875 1202 913 1263 sit
936 1215 1017 1264 certa

92 1301 144 1352 aut
176 1289 262 1374 quod
286 1289 389 1352 omnia
415 1309 451 1354 ex
475 1293 654 1356 necessitate
677 1288 829 1355 eveniant.

158 1377 249 1452 Item,
272 1382 512 1462 Argumentatur
536 1381 579 1444 sic
602 1379 722 1443 Tullius
746 1379 808 1464 (Ἅι
842 1376 874 1442 si
913 1376 1016 1439 omnia

92 1485 108 1528 a
132 1466 202 1530 Deo
228 1468 346 1552 provisa
369 1482 450 1546 sunt,
470 1483 571 1533 certus
594 1483 639 1532 est
675 1468 753 1531 ordo
792 1483 967 1540 causarum3
991 1466 1016 1528 si

92 1568 197 1620 autem
223 1560 282 1619 hoe
305 1576 412 1620 verum
438 1573 493 1634 est,
517 1557 621 1622 omnia
655 1555 718 1620 sato
753 1570 896 1639 aguntum
933 1553 1017 1638 quod

92 1645 116 1706 si
140 1645 248 1710 omnia
275 1646 336 1709 fato
359 1659 502 1730 aguntur,
527 1647 602 1710 nihil
627 1647 715 1709 estin
738 1658 842 1708 nostra
857 1656 1016 1729 potestate;

92 1732 215 1797 nullum
240 1748 286 1798 est
309 1753 383 1817 ergo
406 1735 569 1800 voluntatis
592 1734 765 1810 arbitrium3
781 1733 919 1819 sequitur
942 1749 1016 1814 ergo

93 1823 178 1905 quod
205 1823 328 1888 tollatur
351 1823 483 1888 liberum
508 1824 679 1899 arbitrium,
718 1824 742 1886 si
778 1823 879 1886 divina
916 1821 1017 1904 provi·

93 1912 197 1974 (tentia
222 1913 259 1975 sit
288 1927 380 1990 eerta3
416 1927 446 1978 et
487 1912 598 1977 eodem
633 1911 727 1976 modo
762 1912 900 1997 sequitur
934 1909 1016 1994 quod

95 2018 205 2064 ornnes
229 2021 339 2065 causae
363 2002 574 2086 contingentes
599 2001 752 2066 tollantur.

160 2089 350 2168 Praeterea,
386 2091 498 2154 Divina
533 2090 725 2177 providentia
760 2107 866 2153 causas
901 2087 1018 2149 medias

94 2195 155 2240 non
180 2179 327 2249 excludit,
352 2193 498 2265 utsupra
524 2192 563 2264 ιε.
589 2177 645 2260 77)
669 2193 827 2243 ostensum
857 2189 912 2241 est.
937 2175 1018 2238 {nter

94 2284 203 2330 causas
226 2283 329 2332 autent
353 2283 424 2332 sunt
447 2268 568 2353 aliquae
596 2269 814 2352 contingentes.
832 2280 862 2328 et
885 2264 1027 2329 deficere

95 2369 248 2438 potentes.
272 2356 412 2421 Deficere
436 2357 527 2441 igitur
544 2371 643 2443 potest
660 2354 870 2442 providentiae
882 2355 1017 2428 eflectus3

96 2463 157 2508 non
182 2459 228 2508 εει
253 2447 344 2530 igjtur
366 2445 424 2510 Dei
448 2445 639 2533 providentia
659 2458 752 2510 eerta.

161 2531 290 2619 Oportet
314 2547 428 2613 autem,
463 2535 502 2598 ad
537 2535 649 2598 horum
683 2531 880 2606 solutionem,
918 2531 1019 2616 aliqua

95 2638 238 2705 repetere
262 2644 298 2688 ex
323 2623 370 2688 his
397 2641 475 2709 quae
498 2643 589 2709 supra
613 2623 711 2710 posita
735 2637 815 2698 sunt,
851 2637 883 2684 ut
920 2619 1018 2683 rtt'ani-

97 2706 208 2774 festum
233 2711 286 2776 fiat
310 2711 393 2797 quod
418 2711 494 2775 nihil
517 2713 652 2776 divinam
677 2708 900 2798 providentiam
914 2707 1019 2792 effugit

96 2811 125 2859 et
148 2801 232 2885 quod
256 2801 333 2865 ordo
369 2801 492 2864 divinae
515 2801 728 2886 providentiae
759 2799 886 2863 omnino
909 2796 1020 2860 immu-

95 2887 150 2950 tari
175 2909 238 2952 nort
264 2901 373 2976 potest,
398 2907 454 2954 nec
478 2902 580 2953 tamen
606 2901 726 2976 oportet
749 2887 831 2976 quod
870 2906 905 2949 ea
941 2905 1020 2970 quae

143 3027 184 3092 (1)
203 3025 232 3078 Si
250 3035 338 3080 autem
354 3027 478 3096 possibile
497 3034 572 3080 εει...
593 3058 628 3067 -
650 3027 776 3096 intellige:
795 3025 822 3077 Si
840 3021 961 3094 possibile
980 3033 1020 3076 est

95 3111 152 3148 eum
171 3112 224 3149 nan
243 3115 363 3167 regnare,
383 3101 443 3170 poni
463 3106 549 3168 potest
567 3099 616 3151 hoc
634 3099 755 3170 possibile
774 3097 880 3149 realiter
894 3097 1019 3161 evenisse;

95 3174 120 3217 et
138 3175 200 3220 tune
218 3174 339 3238 sequitur
356 3171 472 3224 divinam
491 3172 684 3240 providentiam
703 3169 823 3221 deficere.
844 3167 910 3219 Cum
929 3174 1017 3218 autern

95 3238 121 3290 it
138 3240 210 3308 quod
227 3243 347 3310 sequitur
364 3259 398 3296 ex
418 3241 537 3310 possibili
553 3243 622 3310 quod
636 3241 804 3312 hypothetice
832 3238 941 3308 ponitur
959 3253 1018 3290 eve-

96 3311 163 3364 nisse
181 3327 234 3364 non
253 3315 287 3364 sit
304 3313 464 3384 impossibile
483 3315 604 3382 sequitur
623 3330 676 3366 non
694 3327 751 3366 esse
780 3309 949 3380 impossibile,
980 3311 1019 3362 di·

98 3383 183 3436 rinam
202 3384 393 3451 providentiam
413 3381 532 3436 deficere.

148 3455 186 3522 (ᾖ)
206 3454 267 3521 Cic„
284 3457 315 3507 de
335 3457 436 3519 Divite„
455 3455 471 3508 l.
493 3453 517 3522 Ι,
536 3469 558 3510 c.
576 3453 602 3511 8.
621 3483 655 3495 -
674 3453 714 3510 Cf.
748 3451 775 3506 S.
794 3452 860 3521 Aug.
879 3453 910 3506 de
943 3451 1019 3507 civit.

99 3521 331 3595 DQLQaQ
