2516 3968
517 1 581 8 ..σ-

233 201 299 268 illo
524 224 580 270 ιιι.
603 223 644 270 ιιι.
669 224 732 272 car.
756 221 871 270 crtum

506 379 693 450 cteta
732 379 885 450 cxtvttt.

200 631 204 639 ¹
236 557 326 639 Quod
345 579 404 643 per
416 561 572 626 aemilium
584 559 707 624 divinoe
722 561 844 644 protioc
860 559 950 624 ltomo
965 577 1025 624 noa
1041 561 1160 648 copitar

579 648 626 714 ud
646 649 801 714 virtutem.

298 823 406 891 Portet
439 839 543 892 autam
583 825 682 892 videri
716 823 808 892 alicui
828 823 917 911 quod
939 844 995 912 per
1017 824 1158 894 divinum

232 912 380 978 armiliam
403 914 507 1001 aliqua
535 914 653 982 coactio
678 915 797 980 homini
831 911 981 980 inseratur
1003 915 1043 980 ad
1078 917 1159 980 bene

231 1001 400 1087 agendum,
423 1023 461 1069 ex
484 1004 544 1070 hoc
567 1003 652 1091 quad
675 1004 792 1070 dictum
817 1016 872 1068 est:
896 1001 994 1068 Nemo
1008 1007 1094 1070 canit
1115 1005 1160 1070 od

230 1112 290 1170 mc,
312 1092 373 1156 niti
397 1091 491 1158 rata
513 1094 566 1178 qui
588 1094 673 1160 inicit
684 1113 733 1158 me
756 1092 887 1182 trucarit
902 1111 982 1167 curn,
998 1106 1029 1157 ct
1044 1114 1082 1158 ex
1098 1094 1159 1162 ltoc

230 1180 315 1267 quod
338 1179 459 1247 dicitur:
486 1180 674 1268 Quicumque
705 1183 819 1266 spiritu
852 1181 912 1245 oet
946 1192 1103 1267 acuatur,
1135 1184 1160 1248 t't'

230 1281 303 1334 cotti
324 1270 383 1356 peti
406 1271 475 1348 tta,
491 1285 530 1336 et:
548 1271 695 1338 Cltort'tuc
714 1271 829 1337 caasa
840 1281 1005 1356 urpetnoe,
1027 1271 1059 1349 l,
1076 1271 1158 1351 Con,

232 1358 263 1436 5,
288 1359 341 1435 143
363 1359 443 1424 trahi
467 1360 551 1426 enim
574 1371 605 1426 et
629 1361 676 1446 agi
701 1373 732 1428 ct
756 1361 858 1446 urgeri
882 1363 1076 1426 coactionem
1100 1362 1156 1426 im·

231 1461 355 1533 portare
377 1448 529 1515 meatur.
553 1448 618 1516 Hoc
648 1463 753 1516 autem
777 1470 840 1514 non
863 1467 932 1514 esse
957 1468 1066 1515 varum
1088 1471 1157 1516 ma-

231 1534 343 1602 nifeste
363 1537 545 1603 ostenditur.

297 1625 407 1690 Divina
428 1627 515 1692 enim
546 1625 737 1714 prouidentia
772 1623 866 1695 rebus
903 1626 1049 1692 omnibus
1083 1649 1157 1715 pro·

230 1712 314 1780 uidet
335 1714 509 1782 secundum
532 1715 661 1782 modum
682 1735 803 1790 aarum,
826 1730 860 1782 ut
881 1730 1155 1801 suprapstensum

230 1816 286 1869 eat.
311 1802 361 1870 Est
384 1817 487 1869 autem
521 1805 681 1892 proprium
704 1805 826 1870 homini
850 1817 881 1870 et
902 1804 989 1872 omni
1011 1807 1155 1872 rationali

231 1904 390 1958 creaturae
412 1892 496 1979 qood
520 1893 692 1960 voluntarie
710 1893 786 1980 ‘agat
818 1907 848 1958 et
869 1893 932 1960 auis
956 1894 1074 1960 actibus
1097 1895 1155 1962 do·
1243 1929 1244 1934 ι

230 1981 375 2058 minetur,
397 1997 432 2045 ut
451 2000 492 2046 ex
513 1982 696 2068 supradictis
718 1995 814 2070 pateo
828 1983 898 2048 ltuic
915 1995 1018 2048 autem
1036 1987 1154 2052 coactio

230 2070 443 2136 contrariatur.
467 2068 535 2135 Noa
558 2071 651 2156 igitur
673 2071 759 2138 Deus
782 2092 839 2138 suo
860 2071 975 2138 auxilio
992 2073 1153 2140 hominem

230 2158 373 2244 cogitati
396 2171 479 2226 recte
501 2160 667 2245 agendum.

297 2248 415 2328 Adhuc,
438 2248 583 2314 Divinum
607 2249 753 2316 auxilium
770 2249 813 2314 sie
827 2247 1006 2333 intelligitur
1021 2250 1062 2316 ad
1073 2251 1154 2318 moa

231 2337 387 2422 agendum
410 2337 530 2404 homini
568 2337 707 2404 adhiberi
744 2337 829 2425 quud
867 2339 898 2402 in
922 2338 1014 2406 nobis
1049 2356 1154 2410 nostra

230 2445 325 2511 opera
339 2439 484 2514 operatur
499 2427 780 2513 sioutcausaprima
796 2440 942 2512 operatur
958 2432 1154 2514 operationes

229 2533 393 2580 causarum
416 2514 626 2580 secundarum
647 2529 679 2580 at
702 2535 798 2600 agens
822 2514 991 2600 principale
1006 2535 1154 2606 operatur

229 2602 383 2668 actionem
406 2603 612 2682 instrumenti
642 2604 726 2670 uode
759 2603 882 2671 dicitur:
909 2603 1023 2671 Omnia
1055 2629 1154 2693 opero

228 2701 336 2756 nostro
372 2702 520 2784 operatur
552 2711 585 2757 ca
618 2693 652 2758 in
685 2692 775 2760 nolit
813 2692 952 2771 Domine,
983 2694 1064 2776 lsai,
1100 2699 1155 2777 26,

229 2779 281 2845 ll.
305 2779 403 2846 Causa
425 2793 529 2846 autem
553 2783 652 2868 prima
675 2795 779 2850 causat
803 2783 1015 2869 operationem
1038 2806 1153 2852 causae

228 2869 383 2934 secundae
405 2868 578 2935 secuudum
606 2869 735 2936 modum
770 2871 874 2958 ipsius.
899 2870 978 2956 Ergo
1012 2886 1043 2938 et
1066 2875 1153 2942 Deus

193 2988 198 2998 ·
228 2959 388 3024 causatio
417 2958 508 3024 nobis
542 2973 646 3026 nostra
684 2980 779 3047 opera
813 2958 985 3026 secundum
1019 2964 1152 3030 modum

191 3104 196 3108 .
224 3060 379 3124 'nostrum
401 3048 454 3132 qni
477 3059 524 3113 est
557 3061 590 3112 ut
614 3047 785 3116 voluntarie
807 3061 839 3116 et
862 3068 924 3112 non
947 3065 1053 3116 coacte
1075 3071 1152 3138 aga·

228 3155 308 3201 mus.
331 3135 399 3200 Non
423 3135 515 3222 igitur
537 3135 642 3202 divino
672 3137 786 3206 auxilio
824 3135 932 3224 aliquia
956 3141 1076 3226 cogitur
1109 3141 1151 3208 ad
1240 3215 1241 3230 2

228 3237 311 3290 recte
333 3225 499 3310 agendum.
566 3227 567 3230 ’
749 3269 751 3276 ,

294 3313 443 3400 Amplius,
475 3313 574 3380 Homo
608 3334 665 3402 per
700 3314 889 3382 voluntatem
923 3317 1081 3384 ordinatur
1118 3318 1150 3385 in

227 3401 333 3480 finem;
355 3401 511 3488 objectum
535 3403 619 3470 enim
643 3403 808 3472 voluntatis
825 3419 870 3471 est
886 3406 1004 3473 bonum
1020 3419 1050 3472 et
1067 3407 1148 3474 tinia.

227 3490 380 3556 Auxilium
403 3505 506 3558 autem
529 3492 668 3587 diuinum
700 3493 790 3562 nobis
813 3493 854 3563 ad
887 3495 949 3565 hoc
980 3497 1148 3586 praecipue
