2514 3972
206 204 272 272 558
507 218 562 268 tra.
587 221 628 268 ιιι.
651 221 715 272 ιιι.
740 223 821 272 ertu.

207 291 286 360 ordo
309 288 434 378 quidam
452 301 509 369 est,
519 290 692 360 secundum
715 292 799 379 quod
823 291 853 358 id
869 289 953 379 quod
976 303 1022 358 est
1034 291 1140 358 minus

207 381 377 483 principale
414 378 454 446 ad
491 379 697 468 principalius«
722 380 932 448 referendum
953 385 1010 459 esq¹
1043 380 1141 460 unde,

207 485 370 559 peecatum
394 469 557 536 voluntatis
592 471 623 536 in
647 469 737 536 nobis
762 469 882 548 accidit,
904 490 989 548 curn,
1011 470 1064 536 tali
1086 490 1139 536 or·

206 561 279 626 dinc
303 579 365 624 nou
403 570 535 634 servato,
568 560 746 646 appetimus
781 559 815 625 id
848 559 931 646 quod
965 573 1011 626 est
1045 558 1138 626 uobis

207 649 324 715 bonurn
348 645 520 712 seeundum
547 647 622 733 quid
656 662 763 714 contra
794 647 826 712 id
849 647 933 734 quud
963 661 1009 716 est
1043 647 1136 714 nobis

207 737 325 803 bonurn
360 734 548 821 simpliciter.
584 733 668 800 Talis
692 750 796 802 autem
830 737 1012 823 compositio
1036 749 1067 802 et
1090 735 1137 802 di·

211 827 336 892 versitas
360 823 514 890 bonorum
550 844 612 890 nun
637 825 736 890 estin
773 824 952 892 substantiis
974 824 1136 912 separetis
1243 871 1244 874 ,

209 915 372 1002 quinimo
407 931 501 978 omne
535 932 646 978 eorum
669 913 787 980 bonurn
810 927 857 978 est
892 914 1065 982 seeundum
1089 915 1136 980 in·

207 1003 375 1069 tellectum.
399 999 466 1066 Non
490 1013 536 1066 est
567 1001 659 1087 igitur
683 1002 714 1068 in
738 1003 782 1068 eis
807 1002 953 1090 possibile
987 1001 1071 1089 quod
1095 1003 1135 1070 sit

208 1105 369 1180 peccatum
394 1088 570 1170 voluntatis,
594 1104 626 1158 ut
651 1090 781 1158 videtur.

257 1179 393 1255 Adbuc,
417 1178 450 1244 ln
475 1177 573 1258 nobis,
597 1194 757 1266 peceatum
781 1179 950 1246 voluntatis
972 1178 1083 1247 accidit
1098 1199 1138 1248 ex

209 1265 493 1358 superabundantia
510 1267 558 1333 tel
570 1266 704 1346 deiectu,
719 1269 752 1334 in
768 1285 902 1354 quornm
919 1269 1022 1334 rnediu
1039 1269 1136 1336 virtus

210 1358 359 1433 consistit
384 1353 478 1430 unde,
501 1355 532 1422 in
567 1355 668 1422 bisin
700 1354 813 1446 quibus
837 1378 900 1422 nnn
925 1371 971 1424 est
993 1357 1136 1443 accipere

207 1446 528 1536 superabundantiam
551 1457 583 1510 et
604 1444 773 1525 delectum,
796 1445 851 1512 sed
876 1445 976 1512 sulum
994 1446 1136 1512 medium

208 1556 273 1602 non
310 1533 460 1618 contingit
497 1532 686 1602 voluntatem
725 1554 875 1621 peccaret
909 1535 1012 1602 nullus
1048 1535 1136 1602 euim

210 1640 338 1712 peccare
363 1635 462 1710 potest
491 1621 522 1688 in
558 1621 732 1710 appetendo
764 1621 926 1708 justitiam,
959 1644 1033 1690 narn
1067 1626 1136 1710 ipsa

206 1713 324 1800 justitia
354 1711 492 1780 medinm
527 1710 684 1797 quoddam
708 1725 763 1780 est.
801 1711 996 1780 Substantias
1028 1725 1137 1778 nutem

156 1866 158 1870 ,
211 1801 431 1868 intellectuales
461 1812 621 1886 separatae
645 1820 707 1866 non
731 1815 860 1889 possunt
894 1815 1040 1888 appetere
1072 1801 1136 1866 nisi

211 1890 293 1956 bona
316 1889 544 1966 intellectualis
567 1887 730 1956 ridiculum
754 1903 802 1956 est
825 1889 908 1956 enirn
932 1890 1035 1958 dicere
1050 1889 1137 1976 quod

210 1979 293 2046 bona
316 1977 487 2066 corporalis
510 1989 655 2066 appetant
678 1977 731 2064 qui
761 1978 934 2046 secundum
968 2000 1058 2046 susm
1082 1999 1137 2045 ιιιι-

211 2080 313 2135 tnrem
337 2065 511 2154 incorporei
536 2078 618 2146 sunt,
643 2081 695 2132 sut
711 2066 792 2134 bona
808 2067 963 2134 sensibilis
980 2067 1138 2154 inquibus
1246 2139 1247 2160 p

211 2179 275 2224 non
299 2171 344 2224 est
367 2176 485 2222 sensus.
509 2153 544 2222 ln
568 2154 658 2222 bonis
680 2168 784 2222 autern
802 2155 1060 2224 intellectualibus
1072 2177 1140 2222 nort

212 2261 259 2313 est
282 2248 421 2333 accipere
448 2243 779 2332 superabundantiam
801 2265 873 2313 natu
908 2245 1079 2312 secundum
1102 2265 1139 2314 se

212 2336 314 2403 media
352 2345 425 2400 sunt
460 2332 761 2420 superabundantiae
797 2346 828 2400 et
866 2331 1021 2412 deiectus,
1056 2334 1138 2404 sicut

211 2444 321 2490 tunm
345 2437 391 2490 est
414 2421 552 2490 medium
569 2422 648 2488 inter
663 2421 741 2488 duos
757 2442 890 2500 errores,
905 2443 1038 2510 qnorum
1056 2444 1140 2490 unus

213 2527 260 2579 est
281 2512 454 2578 secundum
477 2509 556 2598 plus,
590 2510 667 2580 alter
697 2510 870 2578 secundum
906 2513 1019 2590 minua
1053 2511 1140 2580 unde

211 2615 243 2668 et
264 2601 421 2668 sensibilis
446 2613 476 2667 et
498 2600 670 2687 corporalis
705 2601 787 2666 boun
811 2620 866 2688 per
890 2600 951 2670 hoo
975 2603 1005 2668 in
1029 2600 1137 2668 medio

213 2703 285 2758 sunt
308 2689 391 2778 quod
415 2687 586 2756 seeundum
622 2689 774 2758 tationem
801 2703 880 2756 suut,
916 2689 983 2758 llon
1017 2689 1141 2760 ridetur

213 2780 307 2865 igitur
329 2778 413 2866 quod
440 2777 628 2846 substantiae
663 2777 884 2846 intellectuales
906 2791 1065 2870 separatae
1088 2799 1140 2846 se-

213 2867 352 2935 eundum
376 2866 564 2934 voluntatens
589 2885 716 2955 peecare
740 2867 866 2954 possint.

280 2957 441 3044 Amplius,
474 2955 571 3041 Magis
605 2976 623 3020 a
656 2953 828 3024 defectibus
861 2969 979 3022 remota
1016 2954 1140 3022 uidetur

213 3046 383 3112 substantia
400 3047 582 3131 incorporea
598 3064 691 3132 quam
708 3043 889 3131 corporalis.
905 3044 939 3110 ln
961 3045 1140 3112 substantiis

213 3148 319 3201 autem
342 3135 498 3221 corporeis
521 3153 601 3220 quae
623 3146 695 3200 sunt
717 3153 735 3198 u
757 3133 974 3200 contrarietate
989 3147 1140 3212 remotae,

212 3224 316 3291 nullus
339 3221 476 3288 deiectus
499 3221 640 3288 accidere
656 3233 768 3310 potest,
782 3222 898 3288 seilicet
911 3223 941 3290 in
954 3222 1139 3310 corporibus

212 3311 406 3379 caelestibus.
430 3311 524 3378 ldulto
547 3309 640 3395 igitur
663 3311 777 3388 minas,
801 3310 834 3376 in
857 3311 1034 3380 substantiis
1049 3331 1139 3398 seps·

213 3402 287 3466 ratis
311 3414 342 3467 et
364 3421 382 3466 a
410 3399 625 3466 contrarietate
659 3401 787 3466 remotis
810 3411 881 3466 ets
916 3401 1043 3466 materis
1067 3414 1097 3468 et
1119 3421 1139 3467 a

214 3501 312 3566 motu,
335 3507 373 3553 ex
395 3487 507 3573 quibus
531 3487 650 3560 videtur
673 3485 812 3554 delectus
834 3487 945 3575 aliquis
958 3507 1048 3576 posse
1063 3509 1141 3560 cott-

217 3576 348 3660 tingere,
370 3573 494 3660 aliquod
516 3575 677 3661 peceatum
699 3575 880 3664 contingere
902 3589 1011 3666 potest.
