2452 3970
388 269 443 316 ata.
477 271 516 315 m.
548 269 611 314 aar.
642 265 686 310 ιι.
936 247 999 313 157

70 340 148 406 euim
171 338 295 404 divinae
318 337 506 406 substantiae
529 352 559 403 et
596 336 717 402 claritas
756 335 996 404 intellectusdi·

72 430 128 494 vini
150 443 224 494 sunt
248 428 398 515 aequalia;
420 429 483 494 imo
507 427 605 512 magis
627 438 699 490 sunt
722 443 828 490 tinum.
852 426 997 513 lmpossi·
1040 480 1043 492 .

70 519 126 583 bile
148 531 196 584 est
220 517 314 602 igitur
337 517 419 604 qnod
444 517 616 582 intellectus
638 526 761 578 creatus
800 534 854 600 per
891 515 996 580 lumen

69 607 261 692 praedictum
284 604 386 672 rideat
407 606 543 671 divinam
566 602 768 676 substantiam
791 603 832 668 ita
863 602 997 690 perfecte

67 697 141 760 sicut
164 695 302 782 perfecte
325 709 370 761 cst
393 695 528 761 visibilis.
553 692 654 759 Omne
677 704 781 756 autem
805 693 888 778 quod
912 713 996 758 com-

68 784 272 868 prehenditur
294 783 334 849 ab
356 784 459 871 aliquo
496 793 703 869 cognoscente
726 782 920 865 cognoscitur
959 781 998 846 ab

65 895 101 937 eo
124 874 164 938 ita
192 873 330 960 perfecto
366 874 443 940 sicut
481 871 690 956 cognoscibile
728 887 784 944 esc
822 871 874 956 qui
914 871 996 934 enim

66 963 160 1026 movit
183 964 270 1050 quod
294 962 463 1048 triangulus
485 962 578 1027 habet
601 973 663 1025 tres
701 959 830 1044 angulos
853 959 997 1045 aequales

67 1050 188 1116 dnobus
212 1051 304 1118 rectis
333 1052 419 1138 quasi
459 1049 613 1138 opinabile
650 1048 807 1134 quoddam
846 1047 996 1135 probabili

66 1140 196 1214 ratione,
222 1141 293 1226 quia
316 1141 360 1205 sic
383 1161 400 1206 a
423 1139 612 1227 sapientibus
635 1137 756 1214 dicitur,
780 1137 920 1203 nondum
937 1138 996 1202 boc

66 1229 383 1314 comprehendit‚sed
406 1229 508 1294 solum
531 1229 583 1293 ille
605 1228 657 1313 qui
691 1227 776 1291 notit
810 1227 869 1292 lroc
908 1228 994 1312 quasi

67 1317 225 1400 quoddam
248 1318 354 1383 scibile
378 1339 432 1406 per
455 1318 592 1382 medinm
616 1315 700 1401 quod
723 1328 767 1380 est
791 1335 895 1381 causa.
935 1315 996 1380 lm-

67 1406 213 1490 possibile
235 1420 282 1472 est
304 1407 396 1492 igitur
417 1406 500 1494 quod
524 1405 695 1471 intellectus
717 1416 838 1469 creatus
862 1405 997 1469 divinam

67 1495 271 1561 substantiam
295 1496 547 1582 comprehendat.

132 1586 252 1663 Adbuc,
275 1584 377 1651 Virtus
401 1574 490 1650 linita‘
522 1603 585 1650 non
620 1594 719 1668 potest
753 1580 926 1668 adaequare
964 1581 995 1644 in

67 1691 120 1736 sua
143 1675 324 1760 operatione
347 1672 501 1758 objectum
525 1672 691 1738 inlinitum.
728 1669 904 1736 Substantia
942 1690 996 1733 au·

68 1777 128 1825 rem
151 1763 289 1828 divinam
312 1762 468 1850 quoddam
492 1761 645 1828 inlinitum
683 1774 729 1825 est
752 1751 806 1847 pc'r
839 1778 996 1846 eompara-

68 1850 183 1916 tionem
210 1851 248 1916 ad
273 1871 398 1917 omnem
423 1851 611 1918 intellectum
634 1863 784 1926 creatum,
807 1869 877 1914 cum
894 1848 996 1912 oninis

71 1937 243 2005 intellectus
267 1954 386 2006 creatus
410 1941 467 2006 sub
491 1955 572 2006 certa
596 1939 698 2025 specie
722 1939 911 2002 terminetur.
937 1936 996 2001 lm·

72 2029 217 2110 possibile
237 2030 391 2114 estigitur
428 2029 513 2116 quod
551 2028 626 2092 risio
661 2026 788 2112 alicujus
826 2026 996 2092 intellectos

72 2117 162 2182 creati
193 2117 346 2204 adaequet
382 2119 414 2183 in
452 2117 585 2182 videndo
624 2115 757 2182 divinam
795 2115 994 2180 substantiam

71 2204 185 2273 scilicet
208 2208 249 2271 ita
274 2205 408 2294 perfecte
431 2207 527 2294 ipsam
553 2204 686 2270 videndo
709 2206 787 2270 sicut
803 2203 928 2268 visibilis
940 2217 996 2268 est.

72 2286 177 2361 Nullus
201 2297 295 2381 igitur
310 2295 481 2362 intellectus
504 2306 624 2360 creatus
662 2295 759 2380 ipsam
793 2292 996 2380 comprehen-

71 2379 143 2448 dere
167 2385 289 2472 poterit.

134 2472 283 2561 Amplius,
308 2473 410 2540 Omne
432 2493 527 2560 agens
552 2473 584 2538 iu
608 2485 726 2538 tautum
765 2468 900 2558 perfecte
933 2470 995 2555 agit

73 2556 254 2644 inquantum
294 2562 426 2650 perfecte
461 2564 620 2651 participat
656 2560 799 2638 formam,
832 2579 912 2644 quae
949 2573 996 2624 est

72 2653 258 2732 operationis
281 2653 476 2740 principium.
506 2653 619 2717 Porma
656 2661 759 2714 autem
797 2647 996 2733 intelligibilis

71 2753 130 2819 qua
153 2741 256 2806 divina
280 2742 447 2806 substantia
471 2741 591 2806 videtur
613 2751 658 2804 est
682 2739 745 2824 ipsa
768 2736 870 2802 diviua
894 2757 997 2804 essen-

71 2825 123 2902 .tia;
145 2849 226 2915 quae
249 2831 304 2896 etsi
328 2831 380 2895 liat
402 2829 500 2894 forma
523 2827 694 2894 intellectus
726 2828 832 2904 creati,
869 2845 931 2892 non
955 2839 997 2891 ta-

75 2931 144 2981 meo
168 2918 341 2984 intellectus
362 2929 482 2984 creatus
504 2917 585 3003 capit
605 2917 703 3000 ipsam
741 2913 912 2980 secundom
952 2929 996 2980 to-

76 3014 139 3068 lum
163 3027 263 3094 posse.
287 3008 354 3073 Non
380 3009 471 3092 igitur
493 3007 532 3070 ita
557 3003 692 3092 perfecte
703 3003 800 3089 ipsam
825 3003 907 3068 videt
922 3005 999 3069 sicut

75 3089 137 3174 ipsa
161 3097 288 3162 risibilis
311 3109 369 3173 ιιι
392 3115 453 3161 non
477 3115 552 3180 ergo
590 3091 863 3180 comprehenditur
885 3092 935 3157 illa
960 3094 999 3157 ab

77 3179 228 3250 intellectu
251 3199 363 3250 creata.

140 3272 226 3346 ltcm‚
249 3273 372 3340 Nullum
397 3271 656 3360 comprehensum
698 3268 817 3334 excedit
850 3269 997 3336 terminos

78 3363 372 3450 comprehendentis.
396 3362 428 3427 Si
458 3363 550 3447 igitur
588 3359 759 3426 intellectus
796 3373 916 3426 oreatus
951 3359 996 3424 di-

75 3445 174 3518 tinam
196 3452 397 3518 substantiam
421 3449 708 3537 comprehenderet,
731 3447 833 3514 divina
856 3449 996 3516 substau-

77 3534 115 3601 tia
139 3560 199 3608 uon
222 3540 386 3609 excederet
416 3541 527 3608 limites
565 3538 735 3608 intellectus
772 3539 878 3618 creata
912 3538 995 3624 quod
