2516 3968
235 225 300 292 tuo
497 245 553 290 ura.
577 244 619 289 ιιι.
642 243 704 289 ιιι.
728 242 836 290 cxxxii.

233 318 277 380 sic
298 325 461 403 paupertas
484 311 653 380 voluntaria
677 313 774 398 magis
796 309 960 400 impediret
982 311 1149 402 perlectio-

232 423 306 470 nem
328 403 406 470 uitae
428 423 522 492 quam
544 401 584 468 ad
607 403 704 489 ipsam
726 401 913 490 disponeret.

246 527 248 535 =
300 489 333 557 Si
356 493 424 580 quis
447 505 551 558 autem
575 491 655 556 dicat
677 490 760 576 quod
791 491 880 556 labor
902 490 1054 558 manualis
1092 511 1150 558 ne·

231 581 381 648 cessarius
403 594 450 646 est
472 581 511 646 ad
526 577 696 646 tollendum
719 579 827 657 otium,
851 580 911 646 hoc
933 599 996 644 non
1032 579 1150 648 sullicit

231 669 272 735 ad
294 671 495 757 propositum.
531 668 638 735 llelins
671 669 756 734 enim
789 682 870 735 esset
908 667 1016 737 tollere
1049 671 1149 736 otium

233 778 288 845 per
311 761 527 845 occupationes
564 758 596 823 in
629 757 791 823 virtutibus
825 757 995 822 moralibus
1032 759 1148 844 quibos

231 847 408 912 deserviunt
429 848 573 934 organice
596 846 728 922 divitiae,
762 858 835 934 puta
872 846 903 912 in
940 845 1148 925 eleemosynis

232 933 379 1002 faciendis
402 950 433 1001 et
454 937 520 1002 aliis
559 933 749 1021 hujusmodi,
785 955 878 1022 quarn
912 953 968 1021 per
1005 935 1148 1002 laborem

230 1023 657 1102 manualem—Praeterea,
680 1043 795 1088 tanum
816 1036 896 1088 esset
933 1022 1008 1090 dare
1045 1028 1148 1092 consi-

231 1111 306 1178 lium
330 1112 370 1178 de
392 1126 571 1202 paupertate
594 1112 633 1177 ad
658 1113 717 1178 boc
742 1111 844 1178 solum
877 1112 962 1199 quod
1002 1113 1147 1180 homines

231 1221 381 1288 pauperes
405 1201 475 1268 laeti
497 1202 684 1268 abstinerent
701 1200 741 1266 ab
763 1202 825 1266 otio
859 1203 952 1266 vitam
988 1223 1080 1268 suam
1103 1203 1148 1268 la·

230 1289 357 1356 boribus
378 1291 572 1357 manualibus
594 1303 789 1376 occupantes,
812 1289 868 1356 nisi
886 1290 925 1356 ad
948 1290 1149 1358 hocdaretur

230 1379 314 1464 quotl
336 1379 537 1446 nobilioribus
559 1380 708 1444 exercitiis
732 1393 874 1445 uacarent
886 1399 980 1465 quam
992 1379 1053 1446 illis
1065 1401 1148 1468 quae

229 1480 301 1534 sunt
322 1468 492 1534 secuudum
516 1469 608 1534 vitam
631 1487 830 1534 communem
860 1468 1032 1534 hominum.

294 1555 327 1620 Si
351 1576 424 1622 vero
447 1558 556 1645 aliquis
578 1555 659 1622 dicat
680 1557 764 1642 quod
787 1559 976 1624 necessarius
998 1571 1044 1624 est
1055 1557 1148 1624 labor

230 1644 381 1719 manualis
404 1645 443 1711 acl
466 1646 566 1712 carnis
588 1646 850 1731 concupiscentias
878 1645 1061 1726 domandas,
1084 1649 1146 1716 hoc

228 1753 290 1800 non
313 1745 359 1800 est
381 1735 421 1800 asl
444 1735 645 1823 propositum.
669 1734 854 1815 Quaerimus
876 1737 960 1800 enim
982 1751 1089 1802 utrum
1105 1739 1145 1803 sit

227 1825 433 1890 necessarium
456 1825 539 1911 quod
562 1823 675 1890 uictum
698 1843 753 1909 per
791 1824 967 1890 manualem
999 1823 1144 1892 laborem

226 1911 429 1978 voluntariam
465 1925 676 2000 paupertatem
713 1925 862 1979 sectantes
900 1913 1070 1999 acquirant.
1097 1951 1143 1963 -
1252 1911 1253 1953 ³

225 1998 396 2079 Praeterea,
420 2001 564 2088 possibile
587 2013 633 2066 est
649 1999 761 2066 multis
775 2001 841 2068 aliis
874 2003 975 2068 modis
1010 2002 1143 2070 domare

224 2089 486 2176 concupiscentias
513 2089 624 2168 carnis,
645 2088 760 2156 scilicet
783 2109 837 2177 per
856 2089 985 2177 jejunia,
1022 2092 1143 2177 uigilias

224 2188 255 2242 st
276 2177 335 2244 alia
358 2177 544 2264 hujusmodi.
567 2178 684 2244 labore
707 2179 801 2244 etiam
823 2179 959 2246 manuali
992 2180 1033 2245 ad
1056 2184 1143 2247 buno

223 2264 318 2332 linem
342 2269 385 2332 uti
409 2285 532 2354 possent
561 2269 653 2334 etiam
687 2267 806 2348 diuites,
839 2270 892 2355 qui
927 2288 989 2334 non
1022 2269 1143 2340 babent
1251 2303 1252 2342 1

222 2373 347 2423 necesse
371 2355 511 2423 laborare
533 2369 659 2444 propter
680 2357 791 2422 victum
825 2356 1048 2443 quaerendum.

236 2497 240 2510 ,
286 2443 443 2510 lnuenitur
472 2458 576 2512 autem
614 2459 645 2511 et
679 2445 756 2512 alius
791 2447 902 2514 modus
936 2446 1069 2528 uiuendi,
1105 2459 1141 2514 ut

219 2530 335 2599 scilicet
358 2533 564 2600 uoluntariam
599 2548 810 2621 paupertatem
843 2548 995 2604 sectantes
1034 2537 1140 2602 vivant

220 2618 259 2685 de
283 2621 330 2688 his
351 2642 432 2710 quae
453 2625 493 2690 ab
516 2624 583 2689 aliis
606 2622 864 2712 interamnensi
887 2625 926 2690 ad
960 2627 1041 2690 hanc
1064 2645 1139 2713 per·

217 2707 382 2778 lectionem
399 2711 588 2779 voluntariae
619 2715 805 2799 paupertatis
832 2713 982 2800 prolicere
1005 2715 1056 2800 (l)
1082 2735 1140 2780 vo·

220 2797 298 2878 lunt,
318 2800 439 2868 divitias
464 2801 644 2868 retinentes.
669 2799 703 2864 lit
727 2801 809 2868 huns
848 2801 975 2868 modum
1013 2803 1138 2871 videtur

217 2885 369 2956 llominus
390 2909 476 2956 cum
500 2889 563 2955 suis
597 2887 753 2976 discipulis
790 2890 982 2968 observasse
1021 2891 1136 2977 legitur

217 2977 302 3042 enim
325 2979 411 3066 quod.
430 2977 575 3044 mulieres
590 2978 743 3065 quaedam
755 2981 962 3066 sequebantur
974 2978 1134 3046 Christum
1249 2979 1250 3062 ζ

216 3077 247 3129 et
267 3066 488 3133 inicistruboat
507 3069 534 3133 ei
553 3069 598 3133 ¹dc
619 3067 820 3152 sancitatibuc
842 3070 916 3147 suis,
935 3069 1019 3148 Luc,
1043 3069 1078 3146 8,
1101 3071 1134 3136 ὅ.

215 3151 276 3222 Seu
290 3155 349 3222 iste
359 3157 451 3222 etiam
464 3155 574 3222 modus
591 3155 712 3223 vivendi
726 3177 788 3222 non
802 3157 922 3224 videtur
933 3162 1138 3226 conueniens.

280 3241 347 3309 Non
370 3249 453 3312 enim
478 3245 599 3312 videtur
621 3245 802 3313 rationabile
836 3245 919 3334 quod
953 3245 1064 3334 aliquis
1087 3249 1136 3314 di-

213 3330 313 3398 mlttat
335 3354 390 3400 sua
414 3348 444 3400 et
470 3335 550 3400 vivat
572 3334 612 3400 de
634 3335 745 3402 alieno.

281 3421 453 3501 Praeterea,
475 3423 695 3491 inconveniem
717 3422 838 3494 uidetur
859 3423 943 3513 quod
969 3424 1082 3512 aliquis
1096 3428 1137 3492 ab

264 3520 303 3592 (l)
320 3525 457 3596 Profieerc,
469 3528 490 3584 i.
508 3544 531 3585 e.
552 3530 727 3596 contribuere.

1247 3489 1249 3594 l
