2450 3966
27 8 85 354 Γ
267 247 326 292 ιιι.
350 250 392 294 ιιι.
416 247 479 294 ιιι.
503 240 602 294 ιιιιιι.
627 244 663 288 ετ
686 226 765 293 ιιιι.
945 229 987 294 87

86 315 146 382 sistit
158 315 193 381 in
216 335 273 382 sua
288 318 478 404 operatione,
499 317 555 382 sed
578 315 703 380 alterius
737 314 775 380 ad
799 315 807 380 i
832 335 911 395 sum,
934 319 987 404 qui

27 359 29 516 Ι
84 405 104 469 ei
121 406 328 472 reverentiam
351 406 484 473 exhibet
506 406 574 472 Non
598 417 645 470 εει
667 403 759 490 igitur
781 337 908 473 ledeitas
933 408 988 473 ho-

182 493 216 560 in
239 495 412 562 honoribus
434 495 588 582 ponenda.

75 487 256 743 zm,
278 584 370 667 Quod
393 597 439 650 est
468 597 594 674 propter
630 580 764 647 alterurn
803 581 920 648 bonum
957 599 988 650 et

175 673 274 738 rabile
296 693 360 738 non
383 687 429 738 est
451 673 578 738 ultimus
602 670 680 737 linis.
704 668 780 734 Tale
814 684 917 736 autern
941 687 988 738 εει

73 759 178 838 honor,
201 781 266 826 non
289 763 373 826 enirn
396 761 506 847 aliquis
528 773 612 827 reete
635 761 806 826 honoratur
836 761 894 826 nisi
918 781 988 848 pro-

72 863 133 936 pter
144 850 272 938 aliquod
296 850 379 915 aliud
402 852 519 916 bonum
542 852 573 915 in
596 869 634 914 eo
668 849 812 924 existens
850 863 882 914 et
916 871 987 936 pro-

70 951 132 1023 pter
156 939 218 1004 hoe
256 940 401 1006 homines
437 940 582 1006 honorari
613 949 777 1026 quaerunt,
803 939 890 1025 quasi
914 937 986 1006 boni

28 1033 29 1036 ’
70 1027 198 1114 alicujus
212 1029 296 1115 quod
319 1029 351 1092 in
374 1027 418 1094 eis
439 1042 486 1094 εει
508 1027 719 1096 ιεειίιιιοιιίιιιιι
742 1026 858 1093 habere
881 1028 987 1094 volens

27 1137 28 1174 ;
71 1131 121 1191 ιεε;
145 1117 283 1182 undeet
307 1118 404 1201 magis
427 1116 563 1202 gaudent
586 1117 727 1182 homines
755 1136 772 1180 a
813 1117 933 1202 magnis
956 1133 986 1184 et

69 1207 258 1290 sapientibus
279 1206 435 1271 honorari.
457 1205 525 1270 Non
563 1220 609 1272 εει
632 1205 724 1292 igitur
747 1205 777 1270 in
816 1205 986 1273 honoribus

70 1294 195 1360 lelieitas
219 1296 353 1360 hominis
375 1294 529 1382 ponenda.

133 1384 282 1469 Amplius,
304 1383 349 1449 ild
373 1383 549 1448 felicitatem
573 1402 629 1472 per
640 1383 783 1451 virtutem
797 1383 984 1470 pervenitur.

70 1469 270 1556 operationes
292 1485 395 1538 autern
419 1473 565 1537 virtutum
588 1485 660 1537 sunt
682 1471 883 1549 voluntariae
899 1473 986 1538 aliter

72 1561 152 1625 enim
177 1581 239 1626 non
257 1575 358 1626 essent
380 1559 561 1626 laudabiles.
595 1559 725 1647 Oportet
759 1559 854 1644 igitur
891 1560 985 1626 leliei-

72 1663 162 1714 tatem
185 1669 256 1715 esse
278 1649 404 1736 aliquod
428 1649 547 1714 bonurn
565 1649 603 1714 ad
627 1649 710 1735 quod
738 1649 832 1714 homo
855 1669 910 1714 sua
935 1671 986 1715 vo·

72 1736 186 1804 luntate
208 1743 375 1826 perveniat.
398 1738 462 1806 lloe
485 1751 588 1804 autem
611 1737 695 1824 quod
729 1738 880 1804 honorem
904 1759 984 1805 asse·

73 1841 180 1911 quatur
203 1849 265 1892 non
294 1841 340 1893 est
363 1829 393 1892 in
407 1839 556 1914 potestate
579 1827 724 1906 hominis,
747 1825 801 1892 sed
832 1829 930 1914 magis
953 1830 983 1894 in

73 1929 218 1998 potestate
242 1917 432 1982 honorantis.
455 1915 523 1981 Non
547 1929 593 1982 εει
615 1916 708 2001 igitur
748 1915 780 1980 in
814 1914 983 1984 honoribus

73 2003 196 2070 felicitas
219 1983 355 2070 hnmana
379 2005 532 2090 ponenda.

133 2094 223 2174 ltem,
247 2091 350 2158 Ornne
371 2094 501 2178 dignum
533 2089 656 2159 honore
694 2113 757 2158 non
795 2106 896 2180 potest
929 2095 986 2158 nisi

73 2179 154 2247 bonis
176 2184 289 2248 inesse.
308 2183 458 2246 llonornri
482 2195 586 2248 autern
621 2193 749 2268 possunt
783 2182 878 2246 etiam
901 2183 985 2247 mali.

73 2270 173 2336 llelius
196 2285 244 2336 est
267 2273 360 2355 igitur
381 2271 448 2336 lieri
473 2271 593 2336 honore
615 2271 746 2356 dignum
769 2291 862 2356 quant
888 2271 985 2336 hono·

74 2361 135 2424 rari.
159 2359 228 2425 Non
252 2375 299 2424 est
311 2359 403 2445 igitur
420 2361 520 2424 horror
533 2379 690 2424 summurn
709 2360 841 2424 hominis
856 2359 983 2425 bonum.

131 2448 308 2528 Praeterea,
330 2448 495 2513 Summum
520 2448 637 2514 bonurn
660 2462 706 2513 εει
735 2447 905 2535 perlectum
930 2449 986 2514 bo-

77 2554 154 2601 num.
178 2536 355 2604 Perleeturn
379 2549 482 2602 autem
507 2536 623 2612 bonum
647 2557 708 2602 non
725 2538 908 2623 compatitur
931 2539 987 2604 ali·

75 2626 149 2708 quod
170 2626 302 2704 malurn3
324 2629 373 2692 eui
397 2641 500 2690 autent
526 2626 556 2690 in
626 2625 751 2711 aliquod
784 2627 902 2691 malum
927 2629 984 2691 int-

76 2714 213 2795 possibile
235 2730 282 2780 est
303 2736 371 2780 esse
405 2715 540 2779 beatum.
559 2639 772 2870 *possibile
810 2727 856 2779 est
893 2716 985 2800 igitur

75 2819 135 2867 esse
155 2803 272 2869 malurn
297 2803 346 2870 eui
369 2803 455 2868 adest
467 2823 569 2868 ειιιιιιιι
594 2825 625 2868 ιιι
649 2803 778 2869 bonum.
803 2802 905 2868 Potest
931 2825 984 2868 au·

75 2902 130 2954 tem
153 2893 262 2980 aliquis
278 2893 378 2958 malus
401 2893 552 2958 honorem
565 2895 723 2978 consequi.
747 2891 815 2956 Non
832 2905 876 2958 εει
893 2893 984 2978 igitur

76 2975 168 3046 honor
189 2999 350 3048 summurn
372 2981 507 3047 hominis
530 2983 658 3048 bonum.

377 3154 676 3226 cleurxxtx.

200 3298 292 3381 Quod
312 3297 446 3384 felicitae
469 3299 601 3365 hominis
635 3319 696 3364 aon
718 3299 856 3386 consistit

352 3390 386 3454 in
407 3391 519 3482 pluria
552 3391 699 3454 harmatio.

136 3507 260 3597 anue
284 3512 376 3578 etiam
401 3523 528 3614 apparet
550 3511 635 3600 qood
654 3529 711 3577 nen
734 3507 765 3574 in
796 3509 892 3598 gloria
906 3533 984 3600 qnae
1019 3595 1024 3612 ι
