<?xml version="1.0" encoding="UTF-8"?>
<!DOCTYPE html PUBLIC "-//W3C//DTD XHTML 1.0 Transitional//EN"
    "http://www.w3.org/TR/xhtml1/DTD/xhtml1-transitional.dtd">
<html xmlns="http://www.w3.org/1999/xhtml" xml:lang="en" lang="en">
 <head>
  <title>
</title>
<meta http-equiv="Content-Type" content="text/html;charset=utf-8" />
  <meta name='ocr-system' content='tesseract 3.04.00' />
  <meta name='ocr-capabilities' content='ocr_page ocr_carea ocr_par ocr_line ocrx_word'/>
</head>
<body>
  <div class='ocr_page' id='page_1' title='image "./sanctithomaeaqu00thomgoog_0285.png"; bbox 0 0 2462 3968; ppageno 0'>
   <div class='ocr_carea' id='block_1_1' title="bbox 189 212 1113 480">
    <p class='ocr_par' dir='ltr' id='par_1_1' title="bbox 189 212 1113 480">
     <span class='ocr_line' id='line_1_1' title="bbox 189 212 795 280; baseline 0 -2"><span class='ocrx_word' id='word_1_1' title='bbox 189 214 254 278; x_wconf 67' lang='lat'>980</span> <span class='ocrx_word' id='word_1_2' title='bbox 496 212 795 280; x_wconf 64' lang='lat' dir='ltr'>mortuorunm.</span> 
     </span>
     <span class='ocr_line' id='line_1_2' title="bbox 254 301 1113 391; baseline 0 -23"><span class='ocrx_word' id='word_1_3' title='bbox 254 301 379 390; x_wconf 75' lang='lat' dir='ltr'>Oportet</span> <span class='ocrx_word' id='word_1_4' title='bbox 401 316 504 369; x_wconf 75' lang='lat' dir='ltr'>atatem</span> <span class='ocrx_word' id='word_1_5' title='bbox 529 317 557 369; x_wconf 92' lang='lat' dir='ltr'>et</span> <span class='ocrx_word' id='word_1_6' title='bbox 573 304 653 370; x_wconf 84' lang='lat' dir='ltr'>eliud</span> <span class='ocrx_word' id='word_1_7' title='bbox 668 303 907 369; x_wconf 85' lang='lat' dir='ltr'>considerare</span> <span class='ocrx_word' id='word_1_8' title='bbox 881 323 961 369; x_wconf 80' lang='lat' dir='ltr'>orrea</span> <span class='ocrx_word' id='word_1_9' title='bbox 978 323 1113 391; x_wconf 83' lang='lat' dir='ltr'>eaquae</span> 
     </span>
     <span class='ocr_line' id='line_1_3' title="bbox 189 390 1112 480; baseline 0.003 -25"><span class='ocrx_word' id='word_1_10' title='bbox 189 390 267 456; x_wconf 88' lang='lat' dir='ltr'>dieta</span> <span class='ocrx_word' id='word_1_11' title='bbox 291 405 371 456; x_wconf 89' lang='lat' dir='ltr'>sunt.</span> <span class='ocrx_word' id='word_1_12' title='bbox 394 393 518 459; x_wconf 78' lang='lat' dir='ltr'>Dictum</span> <span class='ocrx_word' id='word_1_13' title='bbox 537 408 582 459; x_wconf 91' lang='lat' dir='ltr'>est</span> <span class='ocrx_word' id='word_1_14' title='bbox 605 395 687 458; x_wconf 88' lang='lat' dir='ltr'>enim</span> <span class='ocrx_word' id='word_1_15' title='bbox 711 392 794 480; x_wconf 89' lang='lat' dir='ltr'>quod</span> <span class='ocrx_word' id='word_1_16' title='bbox 831 393 891 458; x_wconf 90' lang='lat' dir='ltr'>hoe</span> <span class='ocrx_word' id='word_1_17' title='bbox 928 393 1012 478; x_wconf 88' lang='lat' dir='ltr'>quod</span> <span class='ocrx_word' id='word_1_18' title='bbox 1052 395 1112 458; x_wconf 92' lang='lat' dir='ltr'>ho</span> 
     </span>
    </p>
   </div>
   <div class='ocr_carea' id='block_1_2' title="bbox 108 481 1114 3414">
    <p class='ocr_par' dir='ltr' id='par_1_2' title="bbox 108 481 1114 3414">
     <span class='ocr_line' id='line_1_4' title="bbox 188 481 1111 567; baseline 0.003 -23"><span class='ocrx_word' id='word_1_19' title='bbox 188 481 262 546; x_wconf 89' lang='lat' dir='ltr'>mini</span> <span class='ocrx_word' id='word_1_20' title='bbox 287 481 451 566; x_wconf 79' lang='lat' dir='ltr'>aliquando</span> <span class='ocrx_word' id='word_1_21' title='bbox 474 482 554 547; x_wconf 92' lang='lat' dir='ltr'>bene</span> <span class='ocrx_word' id='word_1_22' title='bbox 576 484 732 567; x_wconf 79' lang='lat' dir='ltr'>contingat</span> <span class='ocrx_word' id='word_1_23' title='bbox 755 481 801 546; x_wconf 86' lang='lat' dir='ltr'>vel</span> <span class='ocrx_word' id='word_1_24' title='bbox 831 482 912 547; x_wconf 87' lang='lat' dir='ltr'>mele</span> <span class='ocrx_word' id='word_1_25' title='bbox 934 483 1111 547; x_wconf 88' lang='lat' dir='ltr'>secundum</span> 
     </span>
     <span class='ocr_line' id='line_1_5' title="bbox 187 567 1111 656; baseline 0.003 -23"><span class='ocrx_word' id='word_1_26' title='bbox 187 567 354 648; x_wconf 79' lang='lat' dir='ltr'>fortunam,</span> <span class='ocrx_word' id='word_1_27' title='bbox 377 585 407 634; x_wconf 91' lang='lat' dir='ltr'>et</span> <span class='ocrx_word' id='word_1_28' title='bbox 427 592 464 635; x_wconf 87' lang='lat' dir='ltr'>ox</span> <span class='ocrx_word' id='word_1_29' title='bbox 487 572 554 636; x_wconf 90' lang='lat' dir='ltr'>Deo</span> <span class='ocrx_word' id='word_1_30' title='bbox 578 585 623 636; x_wconf 97' lang='grc' dir='ltr'>εει</span> <span class='ocrx_word' id='word_1_31' title='bbox 646 585 676 636; x_wconf 87' lang='grc' dir='ltr'><strong>ει</strong></span> <span class='ocrx_word' id='word_1_32' title='bbox 699 591 862 656; x_wconf 87' lang='lat' dir='ltr'>uoorpore</span> <span class='ocrx_word' id='word_1_33' title='bbox 891 571 1015 636; x_wconf 79' lang='lat' dir='ltr'>caelesti</span> <span class='ocrx_word' id='word_1_34' title='bbox 1039 592 1111 636; x_wconf 88' lang='lat' dir='ltr'>esse</span> 
     </span>
     <span class='ocr_line' id='line_1_6' title="bbox 187 659 1110 744; baseline 0.003 -22"><span class='ocrx_word' id='word_1_35' title='bbox 187 672 285 744; x_wconf 87' lang='lat' dir='ltr'>potest</span> <span class='ocrx_word' id='word_1_36' title='bbox 309 659 339 723; x_wconf 89' lang='lat' dir='ltr'>iu</span> <span class='ocrx_word' id='word_1_37' title='bbox 363 673 511 744; x_wconf 87' lang='lat' dir='ltr'>quantum</span> <span class='ocrx_word' id='word_1_38' title='bbox 536 661 631 726; x_wconf 91' lang='lat' dir='ltr'>homo</span> <span class='ocrx_word' id='word_1_39' title='bbox 655 681 672 724; x_wconf 87' lang='lat' dir='ltr'>a</span> <span class='ocrx_word' id='word_1_40' title='bbox 695 660 763 726; x_wconf 89' lang='lat' dir='ltr'>Deo</span> <span class='ocrx_word' id='word_1_41' title='bbox 797 659 962 725; x_wconf 88' lang='lat' dir='ltr'>inclinatur</span> <span class='ocrx_word' id='word_1_42' title='bbox 985 660 1025 724; x_wconf 85' lang='lat' dir='ltr'>ud</span> <span class='ocrx_word' id='word_1_43' title='bbox 1050 661 1110 726; x_wconf 85' lang='lat' dir='ltr'>eii·</span> 
     </span>
     <span class='ocr_line' id='line_1_7' title="bbox 186 746 1110 835; baseline 0.003 -23"><span class='ocrx_word' id='word_1_44' title='bbox 186 746 321 830; x_wconf 73' lang='lat' dir='ltr'>gendu&#39;m</span> <span class='ocrx_word' id='word_1_45' title='bbox 346 748 459 834; x_wconf 88' lang='lat' dir='ltr'>aliquid</span> <span class='ocrx_word' id='word_1_46' title='bbox 484 750 532 814; x_wconf 89' lang='lat' dir='ltr'>eui</span> <span class='ocrx_word' id='word_1_47' title='bbox 555 749 754 834; x_wconf 88' lang='lat' dir='ltr'>eonjunotum</span> <span class='ocrx_word' id='word_1_48' title='bbox 778 763 824 814; x_wconf 90' lang='lat' dir='ltr'>est</span> <span class='ocrx_word' id='word_1_49' title='bbox 858 748 982 835; x_wconf 77' lang='lat' dir='ltr'>aliquod</span> <span class='ocrx_word' id='word_1_50' title='bbox 1022 769 1110 815; x_wconf 87' lang='lat' dir='ltr'>eom-</span> 
     </span>
     <span class='ocr_line' id='line_1_8' title="bbox 188 837 1113 924; baseline 0.002 -24"><span class='ocrx_word' id='word_1_51' title='bbox 188 837 316 902; x_wconf 90' lang='lat' dir='ltr'>modum</span> <span class='ocrx_word' id='word_1_52' title='bbox 341 837 389 902; x_wconf 87' lang='lat' dir='ltr'>vel</span> <span class='ocrx_word' id='word_1_53' title='bbox 410 837 652 916; x_wconf 83' lang='lat' dir='ltr'>incommodum,</span> <span class='ocrx_word' id='word_1_54' title='bbox 675 838 759 924; x_wconf 90' lang='lat' dir='ltr'>quod</span> <span class='ocrx_word' id='word_1_55' title='bbox 794 838 910 923; x_wconf 81' lang='lat' dir='ltr'>eligens</span> <span class='ocrx_word' id='word_1_56' title='bbox 934 858 997 903; x_wconf 90' lang='lat' dir='ltr'>uon</span> <span class='ocrx_word' id='word_1_57' title='bbox 1021 859 1113 922; x_wconf 89' lang='lat' dir='ltr'>prae·</span> 
     </span>
     <span class='ocr_line' id='line_1_9' title="bbox 187 925 1113 1030; baseline 0.003 -41"><span class='ocrx_word' id='word_1_58' title='bbox 187 925 370 1002; x_wconf 82' lang='lat' dir='ltr'>considerat,</span> <span class='ocrx_word' id='word_1_59' title='bbox 393 940 423 990; x_wconf 90' lang='lat' dir='ltr'>et</span> <span class='ocrx_word' id='word_1_60' title='bbox 446 928 626 1030; x_wconf 82' lang='lat' dir='ltr'><strong>inquantum</strong></span> <span class='ocrx_word' id='word_1_61' title='bbox 651 948 668 990; x_wconf 85' lang='lat' dir='ltr'>a</span> <span class='ocrx_word' id='word_1_62' title='bbox 692 948 821 1014; x_wconf 87' lang='lat' dir='ltr'>corpore</span> <span class='ocrx_word' id='word_1_63' title='bbox 844 927 966 992; x_wconf 81' lang='lat' dir='ltr'>coelesti</span> <span class='ocrx_word' id='word_1_64' title='bbox 989 927 1030 996; x_wconf 83' lang='lat' dir='ltr'>nd</span> <span class='ocrx_word' id='word_1_65' title='bbox 1047 927 1113 992; x_wconf 89' lang='lat' dir='ltr'>tale</span> 
     </span>
     <span class='ocr_line' id='line_1_10' title="bbox 188 1013 1112 1103; baseline 0.004 -27"><span class='ocrx_word' id='word_1_66' title='bbox 188 1013 303 1098; x_wconf 83' lang='lat' dir='ltr'>aliquid</span> <span class='ocrx_word' id='word_1_67' title='bbox 316 1014 503 1098; x_wconf 77' lang='lat' dir='ltr'>eligendum</span> <span class='ocrx_word' id='word_1_68' title='bbox 527 1018 570 1081; x_wconf 89' lang='lat' dir='ltr'>sio</span> <span class='ocrx_word' id='word_1_69' title='bbox 593 1016 773 1103; x_wconf 76' lang='lat' dir='ltr'>disponitur.</span> <span class='ocrx_word' id='word_1_70' title='bbox 798 1016 861 1080; x_wconf 91' lang='lat' dir='ltr'>Hoo</span> <span class='ocrx_word' id='word_1_71' title='bbox 885 1029 988 1080; x_wconf 89' lang='lat' dir='ltr'>autem</span> <span class='ocrx_word' id='word_1_72' title='bbox 1023 1036 1112 1080; x_wconf 89' lang='lat' dir='ltr'>oom-</span> 
     </span>
     <span class='ocr_line' id='line_1_11' title="bbox 187 1102 1111 1190; baseline 0.007 -25"><span class='ocrx_word' id='word_1_73' title='bbox 187 1102 316 1167; x_wconf 87' lang='lat' dir='ltr'>modum</span> <span class='ocrx_word' id='word_1_74' title='bbox 341 1104 389 1167; x_wconf 84' lang='lat' dir='ltr'>vei</span> <span class='ocrx_word' id='word_1_75' title='bbox 414 1105 645 1170; x_wconf 80' lang='lat' dir='ltr'>incommodum</span> <span class='ocrx_word' id='word_1_76' title='bbox 670 1105 800 1169; x_wconf 88' lang='lat' dir='ltr'>relatum</span> <span class='ocrx_word' id='word_1_77' title='bbox 830 1105 957 1190; x_wconf 90' lang='lat' dir='ltr'>quidem</span> <span class='ocrx_word' id='word_1_78' title='bbox 982 1104 1020 1168; x_wconf 89' lang='lat' dir='ltr'>ad</span> <span class='ocrx_word' id='word_1_79' title='bbox 1043 1105 1111 1172; x_wconf 84' lang='lat' dir='ltr'>eie·</span> 
     </span>
     <span class='ocr_line' id='line_1_12' title="bbox 187 1191 1110 1272; baseline 0.004 -18"><span class='ocrx_word' id='word_1_80' title='bbox 187 1191 320 1256; x_wconf 88' lang='lat' dir='ltr'>ctionem</span> <span class='ocrx_word' id='word_1_81' title='bbox 344 1191 478 1258; x_wconf 90' lang='lat' dir='ltr'>hominis</span> <span class='ocrx_word' id='word_1_82' title='bbox 501 1207 547 1258; x_wconf 90' lang='lat' dir='ltr'>est</span> <span class='ocrx_word' id='word_1_83' title='bbox 584 1193 754 1272; x_wconf 81' lang='lat' dir='ltr'>fortuitum,</span> <span class='ocrx_word' id='word_1_84' title='bbox 788 1193 919 1258; x_wconf 85' lang='lat' dir='ltr'>relatum</span> <span class='ocrx_word' id='word_1_85' title='bbox 954 1213 1028 1258; x_wconf 86' lang='lat' dir='ltr'>vero</span> <span class='ocrx_word' id='word_1_86' title='bbox 1067 1193 1110 1258; x_wconf 85' lang='lat' dir='ltr'>ad</span> 
     </span>
     <span class='ocr_line' id='line_1_13' title="bbox 186 1279 1111 1368; baseline 0.002 -24"><span class='ocrx_word' id='word_1_87' title='bbox 186 1279 287 1346; x_wconf 91' lang='lat' dir='ltr'>Deum</span> <span class='ocrx_word' id='word_1_88' title='bbox 312 1282 462 1346; x_wconf 87' lang='lat' dir='ltr'>rationem</span> <span class='ocrx_word' id='word_1_89' title='bbox 488 1283 596 1347; x_wconf 86' lang='lat' dir='ltr'>emittit</span> <span class='ocrx_word' id='word_1_90' title='bbox 635 1283 761 1362; x_wconf 82' lang='lat' dir='ltr'>fortuiti,</span> <span class='ocrx_word' id='word_1_91' title='bbox 784 1304 846 1348; x_wconf 93' lang='lat' dir='ltr'>non</span> <span class='ocrx_word' id='word_1_92' title='bbox 885 1283 937 1368; x_wconf 84' lang='grc'>(1)</span> <span class='ocrx_word' id='word_1_93' title='bbox 974 1283 1111 1347; x_wconf 86' lang='lat' dir='ltr'>relatum</span> 
     </span>
     <span class='ocr_line' id='line_1_14' title="bbox 187 1369 1112 1459; baseline 0.002 -27"><span class='ocrx_word' id='word_1_94' title='bbox 187 1369 226 1434; x_wconf 85' lang='lat' dir='ltr'>ud</span> <span class='ocrx_word' id='word_1_95' title='bbox 252 1389 363 1456; x_wconf 88' lang='lat' dir='ltr'>eorpus</span> <span class='ocrx_word' id='word_1_96' title='bbox 386 1370 526 1436; x_wconf 84' lang='lat' dir='ltr'>eoeleste.</span> <span class='ocrx_word' id='word_1_97' title='bbox 551 1371 642 1453; x_wconf 83' lang='lat' dir='ltr'>Quod</span> <span class='ocrx_word' id='word_1_98' title='bbox 666 1373 708 1436; x_wconf 87' lang='lat' dir='ltr'>sie</span> <span class='ocrx_word' id='word_1_99' title='bbox 732 1385 824 1459; x_wconf 88' lang='lat' dir='ltr'>patet.</span> <span class='ocrx_word' id='word_1_100' title='bbox 855 1371 923 1436; x_wconf 89' lang='lat' dir='ltr'>Nou</span> <span class='ocrx_word' id='word_1_101' title='bbox 947 1372 1112 1436; x_wconf 84' lang='lat' dir='ltr'>enim&#39;ali-</span> 
     </span>
     <span class='ocr_line' id='line_1_15' title="bbox 187 1459 1107 1544; baseline 0 -20"><span class='ocrx_word' id='word_1_102' title='bbox 187 1459 255 1544; x_wconf 87' lang='lat' dir='ltr'>quis</span> <span class='ocrx_word' id='word_1_103' title='bbox 279 1471 406 1523; x_wconf 87' lang='lat' dir='ltr'>eventus</span> <span class='ocrx_word' id='word_1_104' title='bbox 429 1460 539 1524; x_wconf 85' lang='lat' dir='ltr'>amittit</span> <span class='ocrx_word' id='word_1_105' title='bbox 559 1461 709 1526; x_wconf 82' lang='lat' dir='ltr'>rationem</span> <span class='ocrx_word' id='word_1_106' title='bbox 742 1460 868 1540; x_wconf 77' lang='lat' dir='ltr'><strong>fortuiti,</strong></span> <span class='ocrx_word' id='word_1_107' title='bbox 892 1459 949 1524; x_wconf 92' lang='lat' dir='ltr'>nisi</span> <span class='ocrx_word' id='word_1_108' title='bbox 973 1461 1107 1524; x_wconf 85' lang='lat' dir='ltr'>reduea-</span> 
     </span>
     <span class='ocr_line' id='line_1_16' title="bbox 187 1548 1113 1635; baseline 0.003 -24"><span class='ocrx_word' id='word_1_109' title='bbox 187 1562 236 1612; x_wconf 93' lang='lat' dir='ltr'>tur</span> <span class='ocrx_word' id='word_1_110' title='bbox 260 1548 290 1614; x_wconf 91' lang='lat' dir='ltr'>in</span> <span class='ocrx_word' id='word_1_111' title='bbox 314 1569 437 1612; x_wconf 83' lang='lat' dir='ltr'>eausam</span> <span class='ocrx_word' id='word_1_112' title='bbox 461 1570 516 1635; x_wconf 90' lang='lat' dir='ltr'>per</span> <span class='ocrx_word' id='word_1_113' title='bbox 538 1570 581 1614; x_wconf 89' lang='lat' dir='ltr'>se.</span> <span class='ocrx_word' id='word_1_114' title='bbox 605 1549 706 1616; x_wconf 86' lang='lat' dir='ltr'>Virtus</span> <span class='ocrx_word' id='word_1_115' title='bbox 736 1564 838 1614; x_wconf 87' lang='lat' dir='ltr'>eutem</span> <span class='ocrx_word' id='word_1_116' title='bbox 865 1548 1016 1614; x_wconf 63' lang='lat' dir='ltr'>⁴eoelestis</span> <span class='ocrx_word' id='word_1_117' title='bbox 1039 1570 1113 1614; x_wconf 88' lang='lat' dir='ltr'>eor-</span> 
     </span>
     <span class='ocr_line' id='line_1_17' title="bbox 188 1637 1109 1724; baseline 0.002 -24"><span class='ocrx_word' id='word_1_118' title='bbox 188 1639 270 1722; x_wconf 80' lang='lat' dir='ltr'>poris</span> <span class='ocrx_word' id='word_1_119' title='bbox 293 1651 339 1702; x_wconf 92' lang='lat' dir='ltr'>est</span> <span class='ocrx_word' id='word_1_120' title='bbox 362 1659 452 1703; x_wconf 86' lang='lat' dir='ltr'>eausa</span> <span class='ocrx_word' id='word_1_121' title='bbox 477 1659 582 1723; x_wconf 78' lang='lat' dir='ltr'>egens,</span> <span class='ocrx_word' id='word_1_122' title='bbox 606 1659 667 1702; x_wconf 91' lang='lat' dir='ltr'>non</span> <span class='ocrx_word' id='word_1_123' title='bbox 691 1659 746 1724; x_wconf 91' lang='lat' dir='ltr'>per</span> <span class='ocrx_word' id='word_1_124' title='bbox 778 1639 905 1704; x_wconf 88' lang='lat' dir='ltr'>modum</span> <span class='ocrx_word' id='word_1_125' title='bbox 930 1637 1109 1703; x_wconf 82' lang='lat' dir='ltr'>intellectus</span> 
     </span>
     <span class='ocr_line' id='line_1_18' title="bbox 187 1726 1112 1813; baseline 0.002 -24"><span class='ocrx_word' id='word_1_126' title='bbox 187 1739 217 1790; x_wconf 92' lang='lat' dir='ltr'>et</span> <span class='ocrx_word' id='word_1_127' title='bbox 240 1726 407 1800; x_wconf 88' lang='lat' dir='ltr'>eleotionis;</span> <span class='ocrx_word' id='word_1_128' title='bbox 430 1727 484 1790; x_wconf 88' lang='lat' dir='ltr'>sed</span> <span class='ocrx_word' id='word_1_129' title='bbox 509 1749 563 1813; x_wconf 89' lang='lat' dir='ltr'>per</span> <span class='ocrx_word' id='word_1_130' title='bbox 585 1727 714 1792; x_wconf 89' lang='lat' dir='ltr'>modum</span> <span class='ocrx_word' id='word_1_131' title='bbox 738 1741 875 1806; x_wconf 69' lang='lat' dir='ltr'>naturae</span> <span class='ocrx_word' id='word_1_132' title='bbox 899 1740 1027 1792; x_wconf 84' lang='lat' dir='ltr'>naturae</span> <span class='ocrx_word' id='word_1_133' title='bbox 1050 1749 1112 1791; x_wconf 88' lang='lat' dir='ltr'>au·</span> 
     </span>
     <span class='ocr_line' id='line_1_19' title="bbox 108 1812 1114 1900; baseline 0.002 -22"><span class='ocrx_word' id='word_1_134' title='bbox 108 1812 111 1820; x_wconf 77' lang='grc'><em>’</em></span> <span class='ocrx_word' id='word_1_135' title='bbox 187 1828 311 1880; x_wconf 89' lang='lat' dir='ltr'>temest</span> <span class='ocrx_word' id='word_1_136' title='bbox 336 1816 492 1900; x_wconf 86' lang='lat' dir='ltr'>proprium</span> <span class='ocrx_word' id='word_1_137' title='bbox 517 1815 644 1880; x_wconf 91' lang='lat' dir='ltr'>tendere</span> <span class='ocrx_word' id='word_1_138' title='bbox 668 1816 706 1880; x_wconf 85' lang='lat' dir='ltr'>ed</span> <span class='ocrx_word' id='word_1_139' title='bbox 740 1839 878 1896; x_wconf 92' lang='lat' dir='ltr'>unum;</span> <span class='ocrx_word' id='word_1_140' title='bbox 886 1818 912 1881; x_wconf 89' lang='lat' dir='ltr'>si</span> <span class='ocrx_word' id='word_1_141' title='bbox 951 1836 1025 1900; x_wconf 78' lang='lat' dir='ltr'>ergo</span> <span class='ocrx_word' id='word_1_142' title='bbox 1048 1815 1114 1880; x_wconf 83' lang='lat' dir='ltr'>aii·</span> 
     </span>
     <span class='ocr_line' id='line_1_20' title="bbox 187 1903 1111 2005; baseline 0.002 -37"><span class='ocrx_word' id='word_1_143' title='bbox 187 1905 255 2005; x_wconf 85' lang='lat' dir='ltr'>quis</span> <span class='ocrx_word' id='word_1_144' title='bbox 279 1903 406 1968; x_wconf 76' lang='lat' dir='ltr'>effeetus</span> <span class='ocrx_word' id='word_1_145' title='bbox 428 1925 490 1968; x_wconf 92' lang='lat' dir='ltr'>non</span> <span class='ocrx_word' id='word_1_146' title='bbox 513 1920 559 1970; x_wconf 88' lang='lat' dir='ltr'>est</span> <span class='ocrx_word' id='word_1_147' title='bbox 582 1926 672 1983; x_wconf 86' lang='lat' dir='ltr'>unus,</span> <span class='ocrx_word' id='word_1_148' title='bbox 694 1925 758 1969; x_wconf 91' lang='lat' dir='ltr'>non</span> <span class='ocrx_word' id='word_1_149' title='bbox 783 1917 883 1991; x_wconf 85' lang='lat' dir='ltr'>potest</span> <span class='ocrx_word' id='word_1_150' title='bbox 898 1925 955 1991; x_wconf 91' lang='lat' dir='ltr'>per</span> <span class='ocrx_word' id='word_1_151' title='bbox 968 1925 1001 1968; x_wconf 91' lang='lat' dir='ltr'>se</span> <span class='ocrx_word' id='word_1_152' title='bbox 1014 1925 1111 1970; x_wconf 85' lang='lat' dir='ltr'>eausa</span> 
     </span>
     <span class='ocr_line' id='line_1_21' title="bbox 188 1993 1113 2079; baseline 0.003 -23"><span class='ocrx_word' id='word_1_153' title='bbox 188 1993 258 2078; x_wconf 84' lang='lat' dir='ltr'>ejus</span> <span class='ocrx_word' id='word_1_154' title='bbox 279 2013 346 2057; x_wconf 85' lang='lat' dir='ltr'>esse</span> <span class='ocrx_word' id='word_1_155' title='bbox 370 1993 473 2078; x_wconf 84' lang='lat' dir='ltr'>eliqua</span> <span class='ocrx_word' id='word_1_156' title='bbox 497 1995 592 2058; x_wconf 87' lang='lat' dir='ltr'>virtus</span> <span class='ocrx_word' id='word_1_157' title='bbox 616 1995 774 2074; x_wconf 58' lang='lat' dir='ltr'>naturalis</span> <span class='ocrx_word' id='word_1_158' title='bbox 797 2016 868 2060; x_wconf 93' lang='lat' dir='ltr'>oum</span> <span class='ocrx_word' id='word_1_159' title='bbox 885 2009 988 2060; x_wconf 89' lang='lat' dir='ltr'>eutem</span> <span class='ocrx_word' id='word_1_160' title='bbox 1006 1993 1113 2079; x_wconf 82' lang='lat' dir='ltr'>alique</span> 
     </span>
     <span class='ocr_line' id='line_1_22' title="bbox 187 2081 1110 2167; baseline 0.004 -23"><span class='ocrx_word' id='word_1_161' title='bbox 187 2081 249 2146; x_wconf 90' lang='lat' dir='ltr'>duo</span> <span class='ocrx_word' id='word_1_162' title='bbox 273 2083 330 2146; x_wconf 89' lang='lat' dir='ltr'>sibi</span> <span class='ocrx_word' id='word_1_163' title='bbox 355 2100 410 2167; x_wconf 86' lang='lat' dir='ltr'>per</span> <span class='ocrx_word' id='word_1_164' title='bbox 432 2081 574 2148; x_wconf 84' lang='lat' dir='ltr'>accidens</span> <span class='ocrx_word' id='word_1_165' title='bbox 590 2083 830 2167; x_wconf 74' lang='lat' dir='ltr'>conjunguntun</span> <span class='ocrx_word' id='word_1_166' title='bbox 853 2105 915 2148; x_wconf 93' lang='lat' dir='ltr'>non</span> <span class='ocrx_word' id='word_1_167' title='bbox 940 2098 1011 2147; x_wconf 89' lang='lat' dir='ltr'>sunt</span> <span class='ocrx_word' id='word_1_168' title='bbox 1034 2103 1110 2148; x_wconf 85' lang='lat' dir='ltr'>vere</span> 
     </span>
     <span class='ocr_line' id='line_1_23' title="bbox 185 2171 1113 2258; baseline -0.001 -22"><span class='ocrx_word' id='word_1_169' title='bbox 185 2191 293 2249; x_wconf 88' lang='lat' dir='ltr'>unum,</span> <span class='ocrx_word' id='word_1_170' title='bbox 309 2172 362 2236; x_wconf 88' lang='lat' dir='ltr'>sed</span> <span class='ocrx_word' id='word_1_171' title='bbox 386 2171 486 2236; x_wconf 91' lang='lat' dir='ltr'>solum</span> <span class='ocrx_word' id='word_1_172' title='bbox 511 2192 566 2258; x_wconf 90' lang='lat' dir='ltr'>per</span> <span class='ocrx_word' id='word_1_173' title='bbox 589 2172 740 2248; x_wconf 78' lang='lat' dir='ltr'>accidens,</span> <span class='ocrx_word' id='word_1_174' title='bbox 756 2172 838 2237; x_wconf 92' lang='lat' dir='ltr'>unde</span> <span class='ocrx_word' id='word_1_175' title='bbox 861 2171 953 2257; x_wconf 84' lang='lat' dir='ltr'>hujus</span> <span class='ocrx_word' id='word_1_176' title='bbox 976 2172 1113 2257; x_wconf 88' lang='lat' dir='ltr'>conjun-</span> 
     </span>
     <span class='ocr_line' id='line_1_24' title="bbox 185 2259 1113 2348; baseline 0 -24"><span class='ocrx_word' id='word_1_177' title='bbox 185 2261 293 2326; x_wconf 86' lang='lat' dir='ltr'>otionis</span> <span class='ocrx_word' id='word_1_178' title='bbox 316 2259 398 2324; x_wconf 86' lang='lat' dir='ltr'>nulla</span> <span class='ocrx_word' id='word_1_179' title='bbox 421 2281 512 2326; x_wconf 84' lang='lat' dir='ltr'>eausa</span> <span class='ocrx_word' id='word_1_180' title='bbox 536 2261 681 2325; x_wconf 87' lang='lat' dir='ltr'>naturalis</span> <span class='ocrx_word' id='word_1_181' title='bbox 704 2282 759 2348; x_wconf 91' lang='lat' dir='ltr'>per</span> <span class='ocrx_word' id='word_1_182' title='bbox 782 2282 815 2326; x_wconf 87' lang='lat' dir='ltr'>se</span> <span class='ocrx_word' id='word_1_183' title='bbox 838 2282 929 2326; x_wconf 87' lang='lat' dir='ltr'>oeuso</span> <span class='ocrx_word' id='word_1_184' title='bbox 961 2280 1029 2324; x_wconf 88' lang='lat' dir='ltr'>esse</span> <span class='ocrx_word' id='word_1_185' title='bbox 1052 2281 1113 2347; x_wconf 93' lang='lat' dir='ltr'>po-</span> 
     </span>
     <span class='ocr_line' id='line_1_25' title="bbox 186 2349 1111 2436; baseline 0.004 -26"><span class='ocrx_word' id='word_1_186' title='bbox 186 2363 251 2414; x_wconf 88' lang='lat' dir='ltr'>test.</span> <span class='ocrx_word' id='word_1_187' title='bbox 277 2349 308 2413; x_wconf 89' lang='lat' dir='ltr'>Si</span> <span class='ocrx_word' id='word_1_188' title='bbox 332 2369 406 2432; x_wconf 77' lang='lat' dir='ltr'>ergo</span> <span class='ocrx_word' id='word_1_189' title='bbox 430 2350 486 2413; x_wconf 86' lang='lat' dir='ltr'>iste</span> <span class='ocrx_word' id='word_1_190' title='bbox 525 2350 619 2414; x_wconf 87' lang='lat' dir='ltr'>homo</span> <span class='ocrx_word' id='word_1_191' title='bbox 655 2371 692 2414; x_wconf 86' lang='lat' dir='ltr'>ex</span> <span class='ocrx_word' id='word_1_192' title='bbox 730 2351 933 2436; x_wconf 78' lang='lat' dir='ltr'>impressione</span> <span class='ocrx_word' id='word_1_193' title='bbox 968 2349 1111 2414; x_wconf 81' lang='lat' dir='ltr'>caelestis</span> 
     </span>
     <span class='ocr_line' id='line_1_26' title="bbox 185 2437 1112 2524; baseline 0.001 -23"><span class='ocrx_word' id='word_1_194' title='bbox 185 2439 322 2524; x_wconf 83' lang='lat' dir='ltr'>eorporis</span> <span class='ocrx_word' id='word_1_195' title='bbox 357 2437 518 2521; x_wconf 69' lang='lat' dir='ltr'>instigetur</span> <span class='ocrx_word' id='word_1_196' title='bbox 541 2459 596 2524; x_wconf 92' lang='lat' dir='ltr'>per</span> <span class='ocrx_word' id='word_1_197' title='bbox 629 2438 757 2504; x_wconf 90' lang='lat' dir='ltr'>modum</span> <span class='ocrx_word' id='word_1_198' title='bbox 789 2438 953 2524; x_wconf 68' lang='lat' dir='ltr'>passionis</span> <span class='ocrx_word' id='word_1_199' title='bbox 992 2452 1024 2502; x_wconf 89' lang='lat' dir='ltr'>ut</span> <span class='ocrx_word' id='word_1_200' title='bbox 1061 2437 1112 2502; x_wconf 91' lang='lat' dir='ltr'>di·</span> 
     </span>
     <span class='ocr_line' id='line_1_27' title="bbox 184 2526 1110 2614; baseline 0.002 -24"><span class='ocrx_word' id='word_1_201' title='bbox 184 2541 266 2592; x_wconf 87' lang='lat' dir='ltr'>etum</span> <span class='ocrx_word' id='word_1_202' title='bbox 290 2539 346 2603; x_wconf 90' lang='lat' dir='ltr'>est,</span> <span class='ocrx_word' id='word_1_203' title='bbox 369 2526 406 2590; x_wconf 84' lang='lat' dir='ltr'>au</span> <span class='ocrx_word' id='word_1_204' title='bbox 431 2527 610 2592; x_wconf 76' lang='lat' dir='ltr'>fodiendum</span> <span class='ocrx_word' id='word_1_205' title='bbox 633 2527 810 2614; x_wconf 87' lang='lat' dir='ltr'>sepulerum</span> <span class='ocrx_word' id='word_1_206' title='bbox 834 2527 1038 2612; x_wconf 88' lang='lat' dir='ltr'>(sepulerum</span> <span class='ocrx_word' id='word_1_207' title='bbox 1051 2549 1110 2592; x_wconf 87' lang='lat' dir='ltr'>au—</span> 
     </span>
     <span class='ocr_line' id='line_1_28' title="bbox 184 2615 1110 2702; baseline 0.002 -23"><span class='ocrx_word' id='word_1_208' title='bbox 184 2630 246 2680; x_wconf 89' lang='lat' dir='ltr'>tem</span> <span class='ocrx_word' id='word_1_209' title='bbox 270 2629 299 2680; x_wconf 88' lang='lat' dir='ltr'>et</span> <span class='ocrx_word' id='word_1_210' title='bbox 321 2615 407 2680; x_wconf 84' lang='lat' dir='ltr'>loeus</span> <span class='ocrx_word' id='word_1_211' title='bbox 431 2617 564 2682; x_wconf 78' lang='lat' dir='ltr'>thesauri</span> <span class='ocrx_word' id='word_1_212' title='bbox 588 2637 651 2681; x_wconf 87' lang='lat' dir='ltr'>uon</span> <span class='ocrx_word' id='word_1_213' title='bbox 673 2630 744 2680; x_wconf 89' lang='lat' dir='ltr'>sunt</span> <span class='ocrx_word' id='word_1_214' title='bbox 768 2637 864 2680; x_wconf 88' lang='lat' dir='ltr'>unum</span> <span class='ocrx_word' id='word_1_215' title='bbox 895 2617 952 2680; x_wconf 89' lang='lat' dir='ltr'>nisi</span> <span class='ocrx_word' id='word_1_216' title='bbox 977 2637 1032 2702; x_wconf 87' lang='lat' dir='ltr'>per</span> <span class='ocrx_word' id='word_1_217' title='bbox 1056 2637 1110 2681; x_wconf 86' lang='lat' dir='ltr'>ao-</span> 
     </span>
     <span class='ocr_line' id='line_1_29' title="bbox 184 2704 1110 2790; baseline 0 -20"><span class='ocrx_word' id='word_1_218' title='bbox 184 2705 300 2780; x_wconf 85' lang='lat' dir='ltr'>eidens,</span> <span class='ocrx_word' id='word_1_219' title='bbox 324 2705 474 2790; x_wconf 85' lang='lat' dir='ltr'>quianon</span> <span class='ocrx_word' id='word_1_220' title='bbox 500 2705 615 2770; x_wconf 87' lang='lat' dir='ltr'>hubent</span> <span class='ocrx_word' id='word_1_221' title='bbox 638 2705 772 2790; x_wconf 79' lang='lat' dir='ltr'>aliquem</span> <span class='ocrx_word' id='word_1_222' title='bbox 803 2704 945 2769; x_wconf 88' lang='lat' dir='ltr'>ordinem</span> <span class='ocrx_word' id='word_1_223' title='bbox 969 2705 1008 2768; x_wconf 89' lang='lat' dir='ltr'>ad</span> <span class='ocrx_word' id='word_1_224' title='bbox 1032 2705 1110 2770; x_wconf 85' lang='lat' dir='ltr'>invi-</span> 
     </span>
     <span class='ocr_line' id='line_1_30' title="bbox 184 2794 1107 2883; baseline 0 -25"><span class='ocrx_word' id='word_1_225' title='bbox 184 2815 250 2859; x_wconf 89' lang='lat' dir='ltr'>oem</span> <span class='ocrx_word' id='word_1_226' title='bbox 270 2801 292 2883; x_wconf 87' lang='lat'>),</span> <span class='ocrx_word' id='word_1_227' title='bbox 314 2797 407 2858; x_wconf 87' lang='lat' dir='ltr'>virtus</span> <span class='ocrx_word' id='word_1_228' title='bbox 431 2794 569 2858; x_wconf 83' lang='lat' dir='ltr'>eoelestis</span> <span class='ocrx_word' id='word_1_229' title='bbox 592 2795 730 2880; x_wconf 85' lang='lat' dir='ltr'>eorporis</span> <span class='ocrx_word' id='word_1_230' title='bbox 768 2815 830 2858; x_wconf 96' lang='lat' dir='ltr'>non</span> <span class='ocrx_word' id='word_1_231' title='bbox 855 2807 955 2876; x_wconf 90' lang='lat' dir='ltr'>potest</span> <span class='ocrx_word' id='word_1_232' title='bbox 979 2814 1034 2879; x_wconf 93' lang='lat' dir='ltr'>per</span> <span class='ocrx_word' id='word_1_233' title='bbox 1071 2815 1107 2858; x_wconf 88' lang='lat' dir='ltr'>se</span> 
     </span>
     <span class='ocr_line' id='line_1_31' title="bbox 184 2881 1108 2969; baseline 0 -22"><span class='ocrx_word' id='word_1_234' title='bbox 184 2885 331 2950; x_wconf 86' lang='lat' dir='ltr'>inclinare</span> <span class='ocrx_word' id='word_1_235' title='bbox 355 2882 394 2946; x_wconf 89' lang='lat' dir='ltr'>ed</span> <span class='ocrx_word' id='word_1_236' title='bbox 418 2882 477 2948; x_wconf 90' lang='lat' dir='ltr'>hou</span> <span class='ocrx_word' id='word_1_237' title='bbox 501 2897 598 2948; x_wconf 87' lang='lat' dir='ltr'>totum</span> <span class='ocrx_word' id='word_1_238' title='bbox 623 2882 706 2968; x_wconf 91' lang='lat' dir='ltr'>quod</span> <span class='ocrx_word' id='word_1_239' title='bbox 730 2883 785 2946; x_wconf 90' lang='lat' dir='ltr'>iste</span> <span class='ocrx_word' id='word_1_240' title='bbox 809 2881 904 2947; x_wconf 79' lang='lat' dir='ltr'>fodiat</span> <span class='ocrx_word' id='word_1_241' title='bbox 927 2882 1108 2969; x_wconf 87' lang='lat' dir='ltr'>sepulerum</span> 
     </span>
     <span class='ocr_line' id='line_1_32' title="bbox 185 2971 1106 3056; baseline -0.003 -17"><span class='ocrx_word' id='word_1_242' title='bbox 185 2987 215 3039; x_wconf 89' lang='lat' dir='ltr'>et</span> <span class='ocrx_word' id='word_1_243' title='bbox 238 2974 339 3038; x_wconf 86' lang='lat' dir='ltr'>locum</span> <span class='ocrx_word' id='word_1_244' title='bbox 365 2971 416 3036; x_wconf 91' lang='lat' dir='ltr'>ubi</span> <span class='ocrx_word' id='word_1_245' title='bbox 441 2985 487 3036; x_wconf 89' lang='lat' dir='ltr'>est</span> <span class='ocrx_word' id='word_1_246' title='bbox 509 2973 682 3050; x_wconf 87' lang='lat' dir='ltr'>thesaurus,</span> <span class='ocrx_word' id='word_1_247' title='bbox 705 2971 758 3036; x_wconf 89' lang='lat' dir='ltr'>sed</span> <span class='ocrx_word' id='word_1_248' title='bbox 783 2971 894 3056; x_wconf 86' lang='lat' dir='ltr'>aliquis</span> <span class='ocrx_word' id='word_1_249' title='bbox 921 2992 976 3056; x_wconf 87' lang='lat' dir='ltr'>per</span> <span class='ocrx_word' id='word_1_250' title='bbox 1014 2972 1106 3036; x_wconf 90' lang='lat' dir='ltr'>intel-</span> 
     </span>
     <span class='ocr_line' id='line_1_33' title="bbox 183 3060 1105 3146; baseline 0 -20"><span class='ocrx_word' id='word_1_251' title='bbox 183 3062 295 3126; x_wconf 79' lang='lat' dir='ltr'>lectum</span> <span class='ocrx_word' id='word_1_252' title='bbox 319 3081 414 3146; x_wconf 81' lang='lat' dir='ltr'>agens</span> <span class='ocrx_word' id='word_1_253' title='bbox 438 3075 536 3146; x_wconf 90' lang='lat' dir='ltr'>potest</span> <span class='ocrx_word' id='word_1_254' title='bbox 557 3081 623 3126; x_wconf 91' lang='lat' dir='ltr'>esse</span> <span class='ocrx_word' id='word_1_255' title='bbox 646 3081 737 3124; x_wconf 85' lang='lat' dir='ltr'>nausa</span> <span class='ocrx_word' id='word_1_256' title='bbox 761 3060 965 3124; x_wconf 79' lang='lat' dir='ltr'>inclinationis</span> <span class='ocrx_word' id='word_1_257' title='bbox 989 3060 1019 3123; x_wconf 93' lang='lat' dir='ltr'>in</span> <span class='ocrx_word' id='word_1_258' title='bbox 1045 3061 1105 3126; x_wconf 88' lang='lat' dir='ltr'>hoo</span> 
     </span>
     <span class='ocr_line' id='line_1_34' title="bbox 184 3147 1108 3236; baseline 0.002 -24"><span class='ocrx_word' id='word_1_259' title='bbox 184 3165 293 3227; x_wconf 90' lang='lat' dir='ltr'>totum;</span> <span class='ocrx_word' id='word_1_260' title='bbox 322 3151 391 3236; x_wconf 86' lang='lat' dir='ltr'>quie</span> <span class='ocrx_word' id='word_1_261' title='bbox 416 3149 612 3234; x_wconf 78' lang='lat' dir='ltr'>intelligentis</span> <span class='ocrx_word' id='word_1_262' title='bbox 633 3163 679 3213; x_wconf 88' lang='lat' dir='ltr'>est</span> <span class='ocrx_word' id='word_1_263' title='bbox 703 3149 798 3212; x_wconf 89' lang='lat' dir='ltr'>multa</span> <span class='ocrx_word' id='word_1_264' title='bbox 837 3147 982 3212; x_wconf 85' lang='lat' dir='ltr'>ordinare</span> <span class='ocrx_word' id='word_1_265' title='bbox 1005 3149 1037 3212; x_wconf 92' lang='lat' dir='ltr'>in</span> <span class='ocrx_word' id='word_1_266' title='bbox 1071 3171 1108 3214; x_wconf 91' lang='lat' dir='ltr'>u·</span> 
     </span>
     <span class='ocr_line' id='line_1_35' title="bbox 183 3238 1106 3324; baseline -0.003 -19"><span class='ocrx_word' id='word_1_267' title='bbox 183 3261 270 3306; x_wconf 89' lang='lat' dir='ltr'>num.</span> <span class='ocrx_word' id='word_1_268' title='bbox 294 3241 380 3304; x_wconf 86' lang='lat' dir='ltr'>Patet</span> <span class='ocrx_word' id='word_1_269' title='bbox 404 3243 496 3304; x_wconf 88' lang='lat' dir='ltr'>etiam</span> <span class='ocrx_word' id='word_1_270' title='bbox 519 3239 603 3324; x_wconf 90' lang='lat' dir='ltr'>quod</span> <span class='ocrx_word' id='word_1_271' title='bbox 627 3239 721 3302; x_wconf 88' lang='lat' dir='ltr'>homo</span> <span class='ocrx_word' id='word_1_272' title='bbox 744 3239 795 3322; x_wconf 89' lang='lat' dir='ltr'>qui</span> <span class='ocrx_word' id='word_1_273' title='bbox 819 3238 909 3302; x_wconf 83' lang='lat' dir='ltr'>sciret</span> <span class='ocrx_word' id='word_1_274' title='bbox 925 3238 1106 3303; x_wconf 86' lang='lat' dir='ltr'>thesaurum</span> 
     </span>
     <span class='ocr_line' id='line_1_36' title="bbox 185 3325 1108 3414; baseline -0.004 -20"><span class='ocrx_word' id='word_1_275' title='bbox 185 3330 229 3395; x_wconf 90' lang='lat' dir='ltr'>ibi</span> <span class='ocrx_word' id='word_1_276' title='bbox 252 3350 319 3394; x_wconf 90' lang='lat' dir='ltr'>esse</span> <span class='ocrx_word' id='word_1_277' title='bbox 343 3343 445 3414; x_wconf 89' lang='lat' dir='ltr'>posset</span> <span class='ocrx_word' id='word_1_278' title='bbox 468 3328 562 3392; x_wconf 86' lang='lat' dir='ltr'>elium</span> <span class='ocrx_word' id='word_1_279' title='bbox 597 3329 791 3412; x_wconf 76' lang='lat' dir='ltr'>ignorantem</span> <span class='ocrx_word' id='word_1_280' title='bbox 828 3327 950 3391; x_wconf 90' lang='lat' dir='ltr'>mittere</span> <span class='ocrx_word' id='word_1_281' title='bbox 984 3325 1024 3390; x_wconf 86' lang='lat' dir='ltr'>ad</span> <span class='ocrx_word' id='word_1_282' title='bbox 1062 3325 1108 3390; x_wconf 79' lang='lat' dir='ltr'>io</span> 
     </span>
    </p>
   </div>
   <div class='ocr_carea' id='block_1_3' title="bbox 183 3450 1108 3594">
    <p class='ocr_par' dir='ltr' id='par_1_3' title="bbox 183 3450 1108 3594">
     <span class='ocr_line' id='line_1_37' title="bbox 236 3450 1108 3524; baseline -0.006 -18"><span class='ocrx_word' id='word_1_283' title='bbox 236 3455 274 3524; x_wconf 61' lang='grc' dir='ltr'>(Ι)</span> <span class='ocrx_word' id='word_1_284' title='bbox 292 3453 352 3507; x_wconf 86' lang='lat' dir='ltr'>Non</span> <span class='ocrx_word' id='word_1_285' title='bbox 371 3455 537 3506; x_wconf 71' lang='lat' dir='ltr'>rolatum...</span> <span class='ocrx_word' id='word_1_286' title='bbox 545 3453 587 3518; x_wconf 89' lang='lat' dir='ltr'>‚i</span> <span class='ocrx_word' id='word_1_287' title='bbox 606 3467 629 3502; x_wconf 90' lang='grc' dir='ltr'><strong>ε.</strong></span> <span class='ocrx_word' id='word_1_288' title='bbox 647 3450 696 3502; x_wconf 89' lang='lat' dir='ltr'>hoo</span> <span class='ocrx_word' id='word_1_289' title='bbox 722 3450 886 3501; x_wconf 83' lang='lat' dir='ltr'>commodum</span> <span class='ocrx_word' id='word_1_290' title='bbox 905 3450 972 3501; x_wconf 88' lang='lat' dir='ltr'>vel</span> <span class='ocrx_word' id='word_1_291' title='bbox 964 3465 1108 3502; x_wconf 88' lang='lat' dir='ltr'>moommo-</span> 
     </span>
     <span class='ocr_line' id='line_1_38' title="bbox 183 3516 1107 3594; baseline -0.005 -16"><span class='ocrx_word' id='word_1_292' title='bbox 183 3527 246 3579; x_wconf 90' lang='lat' dir='ltr'>dum</span> <span class='ocrx_word' id='word_1_293' title='bbox 266 3527 379 3579; x_wconf 83' lang='lat' dir='ltr'>rolatum</span> <span class='ocrx_word' id='word_1_294' title='bbox 398 3525 431 3576; x_wconf 86' lang='lat' dir='ltr'>ad</span> <span class='ocrx_word' id='word_1_295' title='bbox 449 3516 545 3594; x_wconf 79' lang='lat' dir='ltr'>eorpus</span> <span class='ocrx_word' id='word_1_296' title='bbox 562 3523 669 3576; x_wconf 82' lang='lat' dir='ltr'>eoeleste</span> <span class='ocrx_word' id='word_1_297' title='bbox 682 3537 734 3574; x_wconf 89' lang='lat' dir='ltr'>non</span> <span class='ocrx_word' id='word_1_298' title='bbox 745 3522 844 3574; x_wconf 85' lang='lat' dir='ltr'>amittit</span> <span class='ocrx_word' id='word_1_299' title='bbox 855 3522 983 3575; x_wconf 81' lang='lat' dir='ltr'>rationem</span> <span class='ocrx_word' id='word_1_300' title='bbox 994 3521 1107 3574; x_wconf 78' lang='lat' dir='ltr'>fortuiti.</span> 
     </span>
    </p>
   </div>
   <div class='ocr_carea' id='block_1_4' title="bbox 0 0 1236 3968">
    <p class='ocr_par' dir='ltr' id='par_1_4' title="bbox 0 0 1236 3968">
     <span class='ocr_line' id='line_1_39' title="bbox 0 0 1236 3968; baseline 0 2"><span class='ocrx_word' id='word_1_301' title='bbox 0 0 1236 3968; x_wconf 95' lang='lat' dir='ltr'> </span> 
     </span>
    </p>
   </div>
  </div>
 </body>
</html>
