2494 3970
460 271 515 315 ιιι.
540 271 580 315 ιιι.
605 269 668 316 ιιι.
694 272 724 316 ιι.
1016 253 1051 317 ll

131 339 162 404 in
202 337 301 405 finem
335 337 576 406 determinatum
616 361 672 427 per
709 359 798 407 suam
823 339 988 419 actionem,
1014 342 1055 406 ita

129 447 227 582 afigens
253 449 311 516 per
332 442 486 496 naturam.
511 427 614 496 Omne
637 430 731 517 igitur
753 449 847 515 agens
857 430 918 513 agit
930 443 1056 518 propter

152 537 241 582 nem.

187 606 341 693 Amplius,
364 606 527 674 Peccatum
544 627 607 673 nun
629 607 898 674 inveniturnisiin
914 606 1056 694 hisquae

124 707 201 761 sunt
225 708 353 782 propter
379 696 485 775 linem3
521 717 579 763 nec
601 696 684 764 enim
712 697 881 782 imputatur
903 697 992 762 alicui
1017 697 1055 762 ad

123 797 292 871 peccatum
315 785 340 850 si
364 784 486 852 deficiat
501 786 542 852 ab
565 806 603 852 eo
627 783 666 851 ad
683 786 766 872 quud
780 807 843 852 non
859 799 915 862 est3
932 784 1055 851 medico

123 874 211 942 enim
237 874 407 960 imputatur
429 874 468 940 ad
491 889 651 963 peccatum
675 875 700 940 si
723 874 846 942 deficiat
875 897 893 941 a
916 874 1055 940 sanando

125 975 288 1041 naturam,
311 983 373 1028 non
398 977 501 1030 autem
540 963 729 1030 aedificatori
752 978 804 1030 aut
842 965 1055 1049 grammatico.

121 1051 186 1117 Sed
204 1063 368 1137 peccatum
384 1052 559 1119 invenimus
575 1053 670 1119 in-bi's
686 1073 766 1140 quae
789 1053 867 1120 fiunt
882 1053 1055 1120 secundum

120 1153 237 1218 artem,
260 1142 340 1206 sicut
361 1161 457 1228 quum
474 1143 694 1228 grammaticus
717 1163 780 1208 non
803 1155 886 1208 recte
909 1142 1056 1228 loquitur3

120 1243 153 1294 et
176 1230 209 1294 ιιι
236 1230 285 1294 bis
307 1250 388 1317 quae
410 1246 482 1296 sunt
504 1231 676 1298 secundum
695 1245 847 1308 naturam,
871 1231 949 1298 sicut
973 1244 1056 1318 patet

119 1319 151 1383 in
177 1318 332 1404 partubus
355 1324 568 1386 monstruosis.
583 1321 663 1406 Ergo
679 1333 741 1385 tam
765 1339 860 1406 agens
882 1321 1053 1386 secundum

119 1421 269 1472 naturam
286 1428 379 1494 quarn
396 1429 491 1493 agens
507 1411 678 1475 secundum
695 1423 792 1475 artem
805 1422 834 1475 et
851 1431 868 1474 a
884 1410 1054 1496 proposito,

120 1497 185 1582 agit
212 1510 339 1583 propter
363 1497 466 1562 linem.

192 1586 284 1660 ltem,
308 1585 339 1652 Si
363 1606 459 1671 agens
493 1607 556 1652 non
581 1579 721 1652 tenderet
745 1585 783 1651 ad
821 1585 957 1673 aliquem
981 1587 1062 1672 elles

120 1688 210 1740 ctum
237 1674 489 1754 determinatum,
512 1695 624 1742 omnes
641 1675 767 1741 allectus
791 1689 893 1740 essent
916 1676 944 1740 ei
969 1675 1057 1741 indil-

121 1761 273 1829 lerentes.
289 1763 380 1846 Quod
406 1778 509 1830 autem
522 1764 736 1830 indifferenter
752 1783 785 1830 se
799 1763 892 1829 babet
904 1764 942 1829 ad
960 1765 1056 1831 multa

122 1873 188 1918 non
215 1853 317 1938 magis
334 1873 430 1918 unum
455 1874 563 1918 eorum
583 1867 729 1940 operatur
744 1873 839 1940 quam
856 1853 961 1929 'aliud;
974 1855 1056 1919 unde

123 1961 141 2004 a
164 1942 366 2024 contingente
390 1942 429 2007 ad
454 1957 621 2029 utrumque
634 1942 686 2029 (l)
710 1944 925 2028 nonsequitur
947 1942 1057 2030 aliquis

38 2083 41 2090 .
122 2031 253 2096 effectus
270 2032 327 2096 nisi
346 2051 402 2118 per
417 2031 533 2119 aliquid
549 2031 634 2118 quod
650 2031 874 2097 determinetur
890 2030 929 2096 ad
945 2051 1053 2096 unum.

121 2118 320 2207 Impossibile
357 2121 449 2206 igitur
485 2133 566 2186 esset
600 2119 684 2207 quod
719 2133 825 2205 ageret
855 2121 916 2207 (ι).
953 2118 1054 2185 Omne

122 2209 221 2290 igitur
232 2228 326 2292 agens
340 2208 437 2274 tendit
449 2208 487 2274 ad
501 2210 635 2296 aliquem
647 2209 886 2274 determinatum
899 2207 1054 2288 ellectum,

127 2297 215 2382 quod
240 2296 352 2364 dicitur
375 2297 444 2363 linis
467 2297 544 2384 ejus.

193 2387 273 2452 Sunt
297 2399 399 2452 autem
424 2386 546 2474 aliquae
570 2388 706 2453 actiones
730 2405 809 2472 quae
833 2405 896 2450 uon
915 2384 1057 2452 videntur

125 2495 196 2541 esse
220 2487 345 2562 propter
367 2476 473 2554 finem,
497 2476 575 2542 sicut
597 2477 732 2542 actiones
756 2475 891 2541 ludicrae
928 2488 958 2540 et
981 2497 1055 2542 con-

126 2559 342 2652 templatoriae
371 2577 402 2630 et
442 2565 579 2630 actiones
620 2587 699 2652 quae
737 2564 853 2650 absque
888 2567 1056 2630 attentione

125 2653 218 2731 fiunt,
242 2653 319 2718 sicut
353 2652 535 2719 conlricatio
569 2654 685 2720 barbae
721 2665 751 2717 et
789 2652 977 2738 hujusmodi,
1016 2675 1055 2720 ex

128 2743 243 2826 quibus
266 2742 376 2828 aliquis
392 2745 512 2829 opinari
536 2757 636 2831 potest
651 2742 734 2830 quod
758 2740 796 2806 sit
810 2743 936 2828 aliquod
959 2763 1054 2828 agens

129 2850 193 2894 non
218 2843 344 2916 propter
368 2829 472 2896 finem.

195 2917 254 2984 Sed
278 2919 438 2986 sciendum
455 2920 538 3007 quod
562 2923 697 2988 actiones
719 2919 975 3007 contemplativae
990 2940 1052 2985 non

127 3021 199 3074 sunt
223 3021 351 3095 propter
367 3009 462 3075 alium
479 3009 587 3082 finem,
609 3011 663 3076 sed
680 3011 765 3097 ipsae
777 3025 854 3075 sunt
869 3007 948 3087 linis;
961 3009 1054 3074 aetio-

127 3116 184 3162 ues
207 3111 311 3163 autem
329 3096 466 3163 ludicrae
489 3098 644 3165 interdum
662 3114 733 3165 suut
759 3099 840 3175 finis,
855 3097 933 3163 sicut
955 3118 1051 3184 quum

126 3199 176 3254 hoe
190 3203 276 3272 capite
294 3208 462 3271 usurpatum,
483 3202 564 3257 Omne
582 3220 661 3274 opens
680 3207 738 3274 opit
753 3209 861 3272 propter
878 3203 966 3276 fineen,
983 3204 1052 3256 idem

127 3287 192 3396 espa,
214 3275 273 3396 ,⁸¹¹3
302 3275 353 3327 alto
383 3281 512 3345 respectu,
543 3289 602 3328 eum
633 3276 764 3345 principio
790 3274 871 3330 Omne
901 3292 980 3347 apem
997 3279 1055 3346 opit

128 3361 150 3396 tt
169 3365 177 3397 ι
196 3362 257 3397 Sim!
270 3362 292 3399 θ.

132 3459 135 3466 .
182 3415 222 3487 ll)
242 3417 400 3487 Gontinpcns
411 3419 446 3471 cd
464 3423 602 3486 utrumque
618 3416 715 3470 dicitur
733 3417 759 3470 id
778 3418 849 3489 quod
874 3417 1053 3471 indifferenter

128 3501 181 3538 uno
198 3489 240 3540 vel
263 3490 346 3540 altero
364 3490 442 3542 modo
459 3495 546 3558 potest
564 3488 687 3541 accidere.

180 3557 218 3627 (ι)
231 3560 338 3631 Supple:
349 3559 378 3614 Si
384 3577 434 3614 non
443 3560 1055 3630 tenderetadoliqttcmeffectumdelermiaatum.
