2372 3966
352 249 408 294 tra.
432 228 472 294 vn.
497 248 560 293 etr.
585 249 649 292 tvv.
897 225 960 294 185

65 320 162 386 difficile
173 317 314 396 mobiles,
326 319 397 402 quia
411 317 609 382 vertunturin
624 313 960 403 naturam3dispesitio-

61 422 206 476 nesautem
224 421 254 472 et
266 408 434 494 passiones,
445 407 509 471 sive
525 405 703 492 corporales
718 405 781 472 sive
800 405 961 485 animales,

58 513 161 564 nonant
184 495 408 583 aliquantulum
444 507 514 582 post
547 497 700 560 actionem
738 495 868 578 agentia,
903 495 957 560 sed

55 608 98 652 nen
130 606 266 674 semper.
302 585 374 669 quia
412 585 519 650 insunt
553 597 587 648 ut
609 584 639 648 in
665 583 711 648 via
742 583 781 648 ad
805 599 960 650 naturam.

53 676 124 757 Quod
148 689 252 740 autem
277 673 411 760 pertinet
434 673 473 738 ad
498 685 640 742 naturam
654 672 821 760 superioris
838 674 960 758 generis

51 766 118 830 nullo
132 764 229 830 modo
241 775 310 849 post
327 763 480 828 actionem
497 763 618 846 agentis
632 776 746 839 manet,
762 761 842 828 sieut
854 762 961 828 iumen

49 875 96 918 aen
120 867 226 919 manet
249 852 280 916 in
297 850 463 937 diophane,
480 849 645 916 recedente
662 851 869 916 illuminante.
888 850 960 916 Esse

49 957 136 1006 autem
153 963 218 1006 non
235 953 281 1005 est
296 954 405 1006 natura
422 940 470 1004 vel
486 941 618 1004 essentia
636 939 765 1026 alicujus
779 939 822 1006 rei
836 954 959 1006 creatae

50 1033 91 1094 sed
113 1031 210 1096 solius
233 1030 302 1108 Dei,
328 1042 361 1094 ut
384 1041 543 1094 ostensum
557 1035 632 1114 est(
649 1028 668 1094 l.
685 1029 714 1108 i,
738 1049 764 1094 c.
781 1029 818 1094 91
841 1043 871 1094 et
894 1029 961 1114 Ἠ).

50 1120 123 1184 bulla
148 1121 242 1204 igitur
264 1138 314 1182 res
337 1137 500 1184 remanere
524 1130 623 1204 petest
647 1118 678 1184 iu
709 1138 789 1197 esse,
822 1133 961 1195 cessante

49 1209 214 1294 operatione
237 1207 350 1272 divina.

102 1298 220 1374 Adbuc,
244 1295 330 1362 Circa
354 1315 458 1360 rerum
474 1295 626 1378 originem
654 1293 766 1382 duplex
781 1311 827 1364 est
841 1297 959 1383 positio:

49 1407 97 1450 una
119 1385 204 1463 fidei,
220 1385 364 1472 quadres
381 1384 420 1448 de
437 1405 518 1448 novo
535 1382 659 1450 fuerunt
676 1407 693 1450 a
708 1385 775 1452 Deo
793 1385 961 1474 productae

50 1475 73 1539 in
93 1496 168 1552 esse;
191 1490 222 1540 et
246 1474 355 1560 positio
368 1472 575 1558 quorumdam
591 1473 846 1560 pbilosophorum
875 1473 959 1560 quod

50 1585 90 1628 res
111 1564 147 1629 ab
172 1578 300 1628 aeterne
324 1583 341 1626 a
364 1562 431 1628 Deo
454 1561 619 1628 fluxerunt.
651 1561 830 1630 Secundum
853 1577 957 1628 autem

51 1668 199 1739 utramque
224 1653 421 1738 positionem,
443 1664 564 1737 oportet
587 1650 690 1717 dicere
713 1652 796 1737 quod
822 1671 870 1716 res
886 1671 959 1716 cort-

50 1756 197 1806 serventur
220 1762 237 1805 a
261 1741 381 1806 Deoia
405 1760 482 1806 csse.
507 1739 595 1815 Nom,
618 1741 643 1806 ei
666 1761 716 1806 res
746 1761 763 1806 a
799 1740 866 1806 Dee
890 1760 960 1826 pro·

52 1833 146 1896 ductae
167 1844 239 1895 sunt
263 1831 293 1894 io
318 1849 385 1894 esse
408 1843 570 1915 postquam
596 1849 657 1894 non
682 1828 815 1910 fuerunt,
838 1843 959 1916 oportet

54 1921 122 2003 quod
144 1940 212 1985 esse
235 1939 340 1984 rerum
364 1918 500 1984 divinem
524 1918 712 1984 voluntatem
742 1932 959 2005 consequatur,

55 2024 78 2072 et
95 2010 232 2074 similiter
255 2029 318 2074 non
340 2027 418 2083 esse3
441 2007 514 2091 quia
545 2007 684 2093 permisit
706 2029 755 2074 res
789 2029 852 2074 non
891 2028 959 2074 esse

53 2100 161 2182 quando
183 2099 334 2176 voluit,et
356 2096 427 2162 fecit
451 2117 501 2160 res
524 2115 592 2160 esse
613 2117 684 2164 cum
713 2097 820 2174 velui13
842 2096 960 2162 tamdiu

53 2188 130 2271 igitur
151 2201 225 2253 sunt
248 2187 395 2272 quamdiu
417 2185 502 2250 Deus
525 2205 578 2250 cas
601 2205 669 2252 esse
692 2185 767 2264 vult3
790 2204 844 2250 sua
868 2185 960 2269 igitur

52 2277 177 2342 voluntas
200 2277 408 2342 conservatrix
431 2287 617 2348 estrerum.
641 2274 672 2338 Si
708 2288 811 2340 autern
848 2293 898 2338 res
921 2271 960 2338 ab

52 2380 162 2432 aeterno
185 2365 294 2431 a‘Deo
316 2366 481 2442 fluxerunt,
504 2375 640 2430 non-est
665 2362 739 2428 dare
763 2376 884 2448 tempus
908 2376 960 2426 aut

52 2455 153 2522 instans
178 2457 210 2520 in
233 2475 296 2540 quo
319 2457 420 2541 primo
443 2473 460 2516 a
483 2452 551 2516 Deo
575 2451 769 2530 effluxeruan
793 2465 845 2517 aut
868 2450 960 2536 igitur

52 2563 196 2630 nunquam
222 2565 238 2608 a
263 2544 329 2608 Deo
353 2541 521 2629 productae
544 2555 627 2616 sunt,
642 2554 695 2606 aut
716 2560 869 2628 sempera
893 2539 960 2606 Deo

54 2650 145 2698 earum
168 2653 238 2698 esse
262 2631 399 2718 precedit
422 2626 571 2716 quamdiu
594 2645 674 2707 sunt;
698 2651 754 2697 sua
777 2630 870 2714 igitur
886 2649 960 2715 ope-

54 2723 157 2786 ratione
180 2742 230 2786 res
254 2722 285 2786 in
309 2741 376 2786 csse
400 2734 572 2786 conservat.

106 2811 181 2876 Hinc
205 2824 251 2875 est
292 2809 375 2894 qued
399 2809 521 2874 dieitur:
560 2809 694 2874 Pariana
729 2807 834 2872 omnia
870 2805 963 2868 aerbo

54 2897 161 2964 virtutis
183 2919 269 2976 snae,
292 2899 397 2976 Heba,
422 2898 452 2976 i,
482 2899 512 2962 ὅ.
535 2933 580 2948 -
603 2898 638 2962 Et
661 2896 848 2980 Augustinus
880 2893 961 2959 dicit:

59 2985 198 3054 Crantoris
220 3009 353 3073 namque
372 2990 514 3072 petentia
551 2999 582 3053 et
617 2985 835 3068 omnipotentio
872 2993 964 3069 atque

57 3079 253 3142 omnitenentis
275 3081 373 3142 virtue
396 3098 492 3142 canae
515 3089 560 3142 eat
576 3073 764 3140 subsistendi
779 3071 863 3136 ornati
879 3091 965 3136 erea-

60 3173 143 3240 tnrae,·
166 3187 245 3250 qnae
266 3169 365 3232 virtus
387 3165 427 3232 eb
450 3168 495 3230 eia
517 3187 596 3252 qnae
620 3171 809 3229 creatosnnt
824 3161 965 3244 rependis

60 3253 79 3312 εἰ
96 3255 261 3339 aliqnando
292 3266 436 3334 assaret,
472 3257 567 3320 simui
603 3265 633 3320 et
670 3261 806 3318 cessaret
837 3250 966 3316 iliorum

62 3345 169 3422 speeies,
190 3347 347 3429 omnisque
368 3355 485 3418 natura
509 3345 690 3410 consideret.
725 3339 829 3424 Neque
875 3343 967 3417 etant,

65 3430 128 3493 sieut
141 3439 273 3499 atnaeter
284 3434 419 3512 aedium,
435 3454 503 3498 enm
519 3431 730 3516 fabricaverit,
745 3427 894 3508 abscedit,
919 3442 966 3495 at-

64 3519 172 3596 queiiio
194 3534 329 3590 cessante
353 3535 444 3610 atque
455 3521 648 3602 abscedente,
659 3531 721 3588 atat
742 3539 819 3604 anns
835 3519 910 3602 ejus
923 3520 967 3582 itu
1063 3585 1066 3591 Δ
