2462 3968
319 267 374 313 ιιιι.
400 267 440 312 ιιι.
465 267 527 312 aar.
551 267 616 314 ιιιιι.
641 268 676 312 rr
699 269 778 314 ιιιιι.
946 249 1011 317 905

81 333 321 402 similitudinem
347 338 440 403 rebus
463 337 692 402 communicare
716 336 813 403 voluit
829 357 891 402 non
908 339 1009 405 solum

84 439 239 510 quantum
262 425 303 489 ad
326 426 386 492 boe
409 426 494 512 quod
516 440 630 504 essent,
652 426 707 491 sed
730 428 822 491 etiam
859 442 1009 514 quantum

83 512 121 577 ad
145 513 208 579 boe
232 514 318 598 quod
342 515 474 580 aliorum
497 535 608 580 eausae
631 528 745 592 essent;
769 515 909 580 biseniut
931 517 1009 582 duo-

83 601 139 668 bus
164 601 272 668 modis
295 617 454 670 creaturae
488 604 694 669 communiter
728 623 837 669 omnes
876 604 1010 670 divinam

82 690 321 756 similitudinem
345 705 590 778 consequuntur,
618 705 650 757 ut
673 713 764 779 supra
778 693 818 776 (e.
831 693 891 776 ιι)
907 707 1011 758 osten-

82 799 150 844 sum
174 793 235 846 est.
261 780 321 846 Per
344 782 403 848 hoe
426 784 519 848 etiam
559 783 654 846 deror
692 782 810 848 ordinis
846 784 878 846 in
919 785 1012 849 rebus

82 869 195 934 creatis
221 883 358 956 apparet.

148 957 243 1022 Patet
267 973 370 1023 autem
395 960 477 1045 quoti
500 979 565 1025 non
589 959 633 1024 sie
656 958 738 1023 idem
764 958 1012 1024 effeetusoausae

83 1047 217 1112 naturali
244 1058 275 1112 et
297 1047 420 1112 diuinae
444 1049 545 1114 virtuti
569 1048 744 1114 attribuitur
775 1049 861 1133 quasi
900 1049 1010 1134 partim

83 1153 99 1196 a
122 1135 192 1200 Deo
218 1150 250 1200 et
273 1138 383 1223 partito
409 1157 425 1201 a
449 1137 579 1203 naturali
603 1149 714 1222 agente
736 1136 800 1214 fiat,
835 1136 889 1201 sed
930 1151 1012 1202 totus

83 1223 120 1288 ab
144 1239 282 1312 utroque
305 1224 476 1290 seeundum
508 1226 603 1291 alium
642 1226 782 1302 modum3
817 1228 894 1292 sieut
927 1225 1010 1290 idern

83 1311 211 1378 effeetus
236 1328 317 1379 totus
341 1315 516 1382 attribuitur
538 1315 755 1394 instrumento,
782 1327 813 1380 et
850 1315 1010 1403 principaii

82 1403 185 1486 agenti
212 1403 307 1468 etiarn
330 1415 422 1469 totus.

396 1579 695 1648 cteuttxxt.

128 1754 223 1836 Quod
242 1758 352 1824 diuino
371 1758 569 1844 providentio
591 1777 652 1824 non
686 1757 821 1823 excludit
846 1759 965 1824 matum

398 1849 535 1914 totaliter
558 1847 696 1914 arabae.

147 2021 190 2088 Ex
216 2023 265 2088 bis
289 2025 381 2090 etiam
406 2039 532 2113 apparet
556 2025 637 2111 quod
662 2025 764 2089 divina
804 2023 1008 2111 providentia,

84 2127 162 2194 quae
186 2133 238 2178 res
260 2114 424 2197 gubernat,
447 2135 509 2180 non
534 2115 662 2202 impedit
685 2115 759 2201 quin
797 2114 954 2198 corruptio
978 2127 1009 2177 et

84 2196 224 2266 deiectus
248 2216 278 2266 et
300 2203 418 2268 malurn
441 2204 472 2267 io
497 2204 589 2268 rebus
613 2203 796 2270 inveniatur.
970 2219 977 2224 ·

147 2289 259 2354 Divina
284 2292 367 2358 enim
391 2293 585 2376 gubernatio,
622 2313 682 2377 qua
721 2292 806 2355 Deus
844 2290 875 2354 in
914 2287 1007 2353 rebus

85 2392 230 2460 operatur
253 2399 314 2443 non
339 2381 472 2446 excindit
494 2382 688 2468 operationes
711 2399 875 2445 causarum
898 2397 1007 2443 seeun-

86 2461 205 2546 darum,
230 2467 307 2532 sicut
327 2469 392 2554 jain
416 2484 573 2535 ostensum
598 2483 645 2536 est
668 2471 719 2556 (e.
745 2469 787 2534 70
803 2469 827 2554 ).
853 2467 1010 2552 Contingit

85 2565 186 2620 autem
212 2560 375 2642 provenire
397 2557 551 2624 deiectum
576 2559 606 2624 in
631 2559 740 2624 effectu
765 2571 891 2645 propter
922 2555 1007 2620 ἀειθ-

85 2653 166 2708 eturn
191 2666 304 2711 causae
326 2648 481 2712 secundae
503 2649 632 2732 agentis,
655 2646 772 2732 absque
795 2666 833 2711 eo
863 2645 946 2731 quod
967 2646 1007 2735 sit

86 2726 223 2799 deiectus
247 2735 277 2798 in
301 2737 401 2823 primo
436 2751 557 2820 agente,
594 2739 671 2802 siout
708 2756 791 2814 eunt,
827 2735 858 2798 in
897 2734 1007 2798 eiieotu

87 2820 209 2888 artificis
233 2823 373 2890 habentis
397 2825 533 2910 perieete
562 2841 671 2903 artem,
709 2823 858 2908 contingit
897 2821 1006 2907 aliquis

88 2903 224 2977 detentus
246 2927 371 3000 propter
393 2914 587 2978 instrumenti
611 2913 779 2990 deiectum,
802 2926 832 2976 et
855 2909 933 2975 sieut
949 2914 1007 2974 bo-

87 2996 202 3064 minem
227 2999 314 3086 eujus
338 3003 382 3067 vis
405 3003 518 3067 motiva
542 3017 587 3067 est
609 3002 696 3067 sortis
734 3001 884 3084 contingit
922 2997 1005 3063 elau-

88 3081 199 3168 dicare,
222 3110 284 3154 non
307 3104 433 3179 propter
455 3090 609 3156 desectum
634 3091 752 3156 virtutis
784 3091 928 3165 motivae,
950 3089 1005 3152 sed

88 3190 211 3262 propter
233 3179 325 3244 tibiae
359 3180 548 3245 curvitatem.
573 3178 729 3264 Contingit
759 3179 862 3264 igitur,
902 3177 935 3244 in
959 3178 1028 3252 bis¹

89 3277 165 3343 quae
187 3283 320 3352 aguntor
342 3281 373 3334 et
395 3267 607 3354 gubernantur
639 3291 655 3333 a
680 3269 757 3346 Deo,
796 3267 929 3352 aliquem
953 3265 1005 3330 de·

88 3344 199 3420 ieeturn
223 3371 252 3422 et
274 3357 398 3444 aliquod
422 3357 537 3422 maium
563 3359 692 3423 inveniri
710 3371 836 3444 propter
847 3354 1003 3420 deiectum

89 3445 291 3594 peputrdorum
315 3447 485 3532 agentium,
507 3447 577 3514 lieet
599 3447 631 3514 in
655 3449 721 3536 ipso
744 3447 812 3512 Deo
840 3444 944 3512 nuilus
963 3446 1005 3510 sit

111 3543 230 3601 eeatus.
