2452 3970
393 249 460 300 'uu
486 255 524 300 tn.
549 255 611 301 cre.
637 251 711 298 tux.
938 233 996 300 itt

88 343 169 390 causa
187 336 218 390 et
241 323 380 390 eminens
404 325 546 390 omnibus
569 339 600 390 ct
622 335 758 387 remotus
781 322 820 388 ab
844 323 1000 402 omnibus,

88 433 142 478 non
163 414 265 478 solum
287 433 367 500 quae
390 430 473 492 sunt,
496 415 550 480 sed
573 414 667 479 etiarn
684 431 763 496 quae
776 428 881 477 mente
896 428 998 482 ereata

88 503 196 588 concipi
221 516 358 590 possunt.
382 503 427 568 dd
457 523 549 589 quatu
585 504 677 567 etiarn
716 503 924 586 cognitionem
959 502 998 566 de

85 589 145 655 Deo
168 611 224 656 nos
242 605 410 678 utcumque
427 594 600 677 pertingere
616 609 789 676 possumus;
802 610 857 678 per
873 591 998 656 eiicctuo

84 680 160 742 enirn
184 680 224 745 de
248 681 316 745 Deo
338 682 553 766 cognoscimus
576 681 647 767 quia
671 692 726 755 εει,
748 693 779 742 ει
801 680 883 764 quod
907 699 997 746 causa

84 766 209 832 aliorum
233 783 280 834 εει
303 784 332 834 ει
355 770 421 834 aliis
456 770 693 856 supereminens
716 778 745 831 et
784 770 822 832 ab
851 768 996 838 omnibus

83 869 226 932 remotum
249 873 279 922 ει
304 853 362 924 iroo
386 871 431 922 εει
454 859 594 923 ultimum
619 873 649 922 ει
672 855 927 942 perfectissimum
943 873 998 920 no·

82 957 157 1009 strae
180 947 364 1031 cognitionis
389 947 419 1010 in
443 947 502 1012 hoo
533 949 603 1012 rita.
629 945 715 1010 Unde
739 945 902 1032 Dionysius
925 946 996 1012 dicit

98 1033 134 1098 de
157 1034 244 1120 liiyst.
269 1035 389 1113 Theoi,
411 1036 486 1119 ni)
510 1036 592 1122 quod
616 1036 682 1100 Deo
700 1034 785 1120 quasi
808 1035 998 1119 ignotocon·

79 1116 246 1206 jungimur;
269 1132 352 1210 quod
365 1125 488 1211 quidem
505 1129 653 1208 contingit
675 1121 749 1188 dum
773 1126 812 1187 de
837 1124 901 1189 Deo
924 1123 998 1209 quid

83 1229 141 1274 non
164 1212 202 1275 sit
225 1214 451 1296 cognoscimus,
474 1213 547 1300 quid
571 1233 644 1278 vcro
676 1214 714 1276 sit
748 1215 867 1297 penitus
894 1226 996 1276 manet

82 1296 227 1381 ignotum.
245 1301 331 1366 Unde
348 1315 387 1380 et,
399 1301 437 1366 ad
454 1302 545 1387 hujus
561 1301 798 1368 sublimissimas
813 1303 998 1385 cognitionis

81 1385 282 1469 ignorantiam
307 1391 590 1486 demonstrandam,
612 1392 652 1455 de
675 1389 995 1475 Moysediciturquod

81 1479 205 1542 occessit
227 1480 271 1544 nd
293 1481 455 1566 coiipirtcut
479 1481 512 1544 ιἰι
533 1499 593 1564 quo
616 1490 684 1544 crat
707 1479 799 1556 Dece,
822 1478 927 1556 Exod,
943 1479 1012 1555 ⁹20„
1111 1509 1114 1518 =

82 1563 130 1628 ii.
153 1566 232 1647 Quia
258 1587 331 1633 vero
355 1584 462 1634 natura
500 1569 626 1634 inferior
650 1569 680 1632 in
703 1568 750 1631 sui
772 1587 895 1631 summo
919 1587 993 1632 non·

81 1653 134 1717 nisi
157 1657 195 1719 ad
219 1657 360 1722 infimum
385 1658 550 1744 superioris
574 1671 701 1722 naturae
724 1656 853 1741 attingit,
875 1669 995 1741 oportet

82 1741 160 1824 quod
183 1745 262 1811 haec
283 1747 417 1832 cognitio
441 1748 505 1833 ipsa
527 1746 565 1811 sit
588 1745 773 1811 eminentior
800 1746 830 1808 in
853 1745 995 1809 substan·

83 1829 126 1894 tiis
147 1835 295 1919 separatis
318 1855 410 1920 quarn
434 1835 465 1899 in
488 1835 588 1913 uobis3
604 1833 687 1921 quod
701 1853 756 1919 per
767 1833 886 1918 singula
903 1847 994 1920 potet.

143 1920 221 1986 Nam
245 1937 359 2009 quanto
394 1924 594 2010 propinquior
617 1937 647 1987 ει
670 1923 843 2008 expressior
866 1922 993 2006 alicujus

82 2025 186 2074 causae
212 2011 338 2076 effectus
360 2015 565 2098 cognoscitur,
589 2011 993 2098 tantocridentiusapparct

83 2094 117 2158 de
139 2117 232 2164 causa
255 2101 321 2185 ejus
345 2103 426 2188 quod
439 2101 485 2166 sit.
502 2101 696 2166 Substantias
709 2113 810 2165 autem
827 2115 993 2185 separatae.

82 2201 157 2267 quoe
179 2209 237 2275 per
259 2191 374 2276 seipsas
397 2190 497 2254 Deum
533 2203 733 2275 cognoscunt,
767 2203 837 2254 suot
870 2190 994 2274 propin-

82 2274 199 2355 quiores
231 2277 356 2343 effectos
392 2295 422 2342 et
459 2281 631 2365 expressius
669 2277 725 2342 Dei
760 2276 991 2342 similitudinem

82 2378 219 2441 gerentes
242 2387 334 2452 quarn
358 2367 482 2432 eiiectus
506 2387 561 2453 per
585 2387 662 2453 quos
685 2387 740 2431 nos
757 2365 856 2433 Deum
881 2385 994 2450 cogno-

81 2449 198 2518 scimus.
224 2454 341 2520 Certius
364 2475 438 2540 ergo
461 2455 759 2520 sciunrsnbstantiac
782 2468 940 2542 separatae
962 2468 993 2520 ει

81 2535 186 2607 clarius
210 2564 302 2628 quam
327 2565 383 2608 nos
405 2544 488 2630 quod
513 2545 594 2609 Deus
617 2559 672 2610 est.

143 2629 270 2706 Rursus,
293 2630 370 2697 Cum
395 2652 449 2718 per
471 2637 649 2718 negationes
676 2631 714 2696 ad
750 2634 906 2720 propriam
940 2653 992 2696 co·

81 2716 245 2796 guidonem
269 2723 313 2786 rei
335 2742 459 2808 quoquo
483 2721 577 2786 modo
611 2723 816 2808 perveniatur,
847 2737 991 2807 utsupra

80 2805 119 2883 (c.
142 2807 198 2894 59)
222 2809 415 2887 dictumest,
439 2823 553 2896 quanto
577 2811 665 2896 plura
689 2823 719 2874 ει
743 2811 840 2894 magio
868 2810 993 2897 propiu-

81 2909 136 2973 qua
160 2898 227 2984 quis
250 2900 288 2963 ab
314 2898 418 2984 aliquo
442 2915 558 2963 remota
592 2918 659 2963 εεεε
688 2898 875 2982 cognoverit,
909 2913 992 2962 tauto

82 2985 174 3067 magis
197 2989 235 3050 ad
259 2989 414 3074 proprium
438 2989 644 3072 cognitionem
668 2985 899 3072 ipsiusaccedit3
916 2987 992 3050 sicut

82 3074 173 3169 turgis
197 3077 314 3141 accedit
336 3076 375 3140 ad
391 3077 546 3162 propriam
565 3075 697 3139 hominis
713 3075 920 3160 cognitionem
937 3077 988 3159 qui

81 3171 132 3255 sert
152 3181 225 3228 cum
248 3185 309 3229 non
333 3184 401 3229 esse
424 3183 524 3252 neque
547 3164 748 3229 inanimatum
765 3183 865 3250 neque
889 3167 990 3228 inscu-

81 3244 194 3316 srbiiem
219 3273 311 3338 quarn
335 3255 387 3339 qui
410 3256 465 3318 scit
487 3252 587 3318 solum
615 3272 686 3317 eum
718 3273 779 3318 non
802 3273 869 3317 esse
893 3253 988 3318 inani·

82 3349 203 3420 matum,
229 3343 297 3407 iicet
321 3356 429 3407 neuter
450 3342 525 3406 aciat
547 3342 586 3407 de
609 3341 735 3406 homine
758 3342 831 3427 quid
846 3344 892 3407 sit.
910 3341 988 3406 Sub-

81 3427 201 3494 stantite
224 3445 326 3496 autem
360 3445 519 3517 separatae
553 3431 639 3518 plura
673 3445 861 3516 cognoscunt
894 3451 986 3518 quarn

82 3527 143 3588 ¹¹⁰8,
181 3535 211 3586 ut
234 3541 312 3607 quae
335 3533 405 3587 sunt
436 3520 501 3588 [ico
526 3521 622 3608 magis
657 3521 864 3609 propinquaes
880 3537 910 3587 et
932 3541 987 3607 per
