<?xml version="1.0" encoding="UTF-8"?>
<!DOCTYPE html PUBLIC "-//W3C//DTD XHTML 1.0 Transitional//EN"
    "http://www.w3.org/TR/xhtml1/DTD/xhtml1-transitional.dtd">
<html xmlns="http://www.w3.org/1999/xhtml" xml:lang="en" lang="en">
 <head>
  <title>
</title>
<meta http-equiv="Content-Type" content="text/html;charset=utf-8" />
  <meta name='ocr-system' content='tesseract 3.04.00' />
  <meta name='ocr-capabilities' content='ocr_page ocr_carea ocr_par ocr_line ocrx_word'/>
</head>
<body>
  <div class='ocr_page' id='page_1' title='image "./sanctithomaeaqu00thomgoog_0414.png"; bbox 0 0 2516 3968; ppageno 0'>
   <div class='ocr_carea' id='block_1_1' title="bbox 402 217 1036 290">
    <p class='ocr_par' dir='ltr' id='par_1_1' title="bbox 402 217 1036 290">
     <span class='ocr_line' id='line_1_1' title="bbox 402 217 1036 290; baseline -0.003 -2"><span class='ocrx_word' id='word_1_1' title='bbox 402 242 459 290; x_wconf 83' lang='grc' dir='ltr'>ιιι.</span> <span class='ocrx_word' id='word_1_2' title='bbox 481 240 525 288; x_wconf 89' lang='grc' dir='ltr'>ιιι.</span> <span class='ocrx_word' id='word_1_3' title='bbox 548 239 613 288; x_wconf 80' lang='lat' dir='ltr'><strong>cna.</strong></span> <span class='ocrx_word' id='word_1_4' title='bbox 637 239 743 290; x_wconf 78' lang='lat' dir='ltr'><strong>cxxxv.</strong></span> <span class='ocrx_word' id='word_1_5' title='bbox 970 217 1036 286; x_wconf 81' lang='lat' dir='ltr'><strong>too</strong></span> 
     </span>
    </p>
   </div>
   <div class='ocr_carea' id='block_1_2' title="bbox 391 397 845 470">
    <p class='ocr_par' dir='ltr' id='par_1_2' title="bbox 391 397 845 470">
     <span class='ocr_line' id='line_1_2' title="bbox 391 397 845 470; baseline -0.007 0"><span class='ocrx_word' id='word_1_6' title='bbox 391 399 575 470; x_wconf 79' lang='lat' dir='ltr'><strong>CAPUT</strong></span> <span class='ocrx_word' id='word_1_7' title='bbox 610 397 784 469; x_wconf 79' lang='lat' dir='ltr'><strong>CXXXV.‘</strong></span> <span class='ocrx_word' id='word_1_8' title='bbox 844 445 845 450; x_wconf 20' lang='grc' dir='ltr'>ι</span> 
     </span>
    </p>
   </div>
   <div class='ocr_carea' id='block_1_3' title="bbox 133 576 1022 754">
    <p class='ocr_par' dir='ltr' id='par_1_3' title="bbox 133 576 1022 754">
     <span class='ocr_line' id='line_1_3' title="bbox 133 576 1022 667; baseline -0.002 -19"><span class='ocrx_word' id='word_1_9' title='bbox 133 581 307 651; x_wconf 80' lang='lat' dir='ltr'><strong>Solutiorses</strong></span> <span class='ocrx_word' id='word_1_10' title='bbox 328 579 536 666; x_wconf 78' lang='lat' dir='ltr'><strong><em>objectionum.</em></strong></span> <span class='ocrx_word' id='word_1_11' title='bbox 552 591 659 646; x_wconf 84' lang='lat' dir='ltr'><strong>contro</strong></span> <span class='ocrx_word' id='word_1_12' title='bbox 681 579 891 667; x_wconf 73' lang='lat' dir='ltr'><strong>particulares</strong></span> <span class='ocrx_word' id='word_1_13' title='bbox 914 576 1022 646; x_wconf 84' lang='lat' dir='ltr'><strong>modos</strong></span> 
     </span>
     <span class='ocr_line' id='line_1_4' title="bbox 379 670 772 754; baseline -0.008 -17"><span class='ocrx_word' id='word_1_14' title='bbox 379 671 502 737; x_wconf 73' lang='lat' dir='ltr'><strong>nonnus·</strong></span> <span class='ocrx_word' id='word_1_15' title='bbox 524 670 556 736; x_wconf 83' lang='grc' dir='ltr'><strong>ιἰι</strong></span> <span class='ocrx_word' id='word_1_16' title='bbox 577 680 772 754; x_wconf 84' lang='lat' dir='ltr'><strong>paupertate.</strong></span> 
     </span>
    </p>
   </div>
   <div class='ocr_carea' id='block_1_4' title="bbox 116 844 1059 3511">
    <p class='ocr_par' dir='ltr' id='par_1_4' title="bbox 117 844 1040 1094">
     <span class='ocr_line' id='line_1_5' title="bbox 183 844 1039 918; baseline -0.004 -5"><span class='ocrx_word' id='word_1_17' title='bbox 183 846 338 915; x_wconf 86' lang='lat' dir='ltr'><strong>Posthac</strong></span> <span class='ocrx_word' id='word_1_18' title='bbox 363 860 467 914; x_wconf 90' lang='lat' dir='ltr'><strong>autem</strong></span> <span class='ocrx_word' id='word_1_19' title='bbox 498 845 764 918; x_wconf 84' lang='lat' dir='ltr'><strong>considerandum</strong></span> <span class='ocrx_word' id='word_1_20' title='bbox 788 858 835 912; x_wconf 88' lang='lat' dir='ltr'><strong>est</strong></span> <span class='ocrx_word' id='word_1_21' title='bbox 864 845 903 912; x_wconf 91' lang='lat' dir='ltr'><strong>dc</strong></span> <span class='ocrx_word' id='word_1_22' title='bbox 937 844 1039 912; x_wconf 87' lang='lat' dir='ltr'><strong>modis</strong></span> 
     </span>
     <span class='ocr_line' id='line_1_6' title="bbox 117 935 1040 1028; baseline -0.001 -26"><span class='ocrx_word' id='word_1_23' title='bbox 117 937 230 1024; x_wconf 78' lang='lat' dir='ltr'><strong>quibus</strong></span> <span class='ocrx_word' id='word_1_24' title='bbox 253 949 374 1024; x_wconf 90' lang='lat' dir='ltr'><strong>oportet</strong></span> <span class='ocrx_word' id='word_1_25' title='bbox 396 936 497 1002; x_wconf 87' lang='lat' dir='ltr'><strong>viuere</strong></span> <span class='ocrx_word' id='word_1_26' title='bbox 519 956 573 1003; x_wconf 89' lang='lat' dir='ltr'><strong>eos</strong></span> <span class='ocrx_word' id='word_1_27' title='bbox 596 936 648 1023; x_wconf 85' lang='lat' dir='ltr'><strong>qui</strong></span> <span class='ocrx_word' id='word_1_28' title='bbox 682 947 895 1028; x_wconf 76' lang='lat' dir='ltr'><strong>paupertatem</strong></span> <span class='ocrx_word' id='word_1_29' title='bbox 929 935 1040 1002; x_wconf 81' lang='lat' dir='ltr'><strong>uoluu-</strong></span> 
     </span>
     <span class='ocr_line' id='line_1_7' title="bbox 117 1028 415 1094; baseline -0.013 0"><span class='ocrx_word' id='word_1_30' title='bbox 117 1028 226 1094; x_wconf 88' lang='lat' dir='ltr'><strong>tariam</strong></span> <span class='ocrx_word' id='word_1_31' title='bbox 251 1039 415 1092; x_wconf 88' lang='lat' dir='ltr'><strong>sectantur.</strong></span> 
     </span>
    </p>

    <p class='ocr_par' dir='ltr' id='par_1_5' title="bbox 116 1111 1048 2267">
     <span class='ocr_line' id='line_1_8' title="bbox 185 1111 1041 1202; baseline -0.002 -22"><span class='ocrx_word' id='word_1_32' title='bbox 185 1115 221 1180; x_wconf 89' lang='lat' dir='ltr'><strong>Et</strong></span> <span class='ocrx_word' id='word_1_33' title='bbox 243 1114 362 1202; x_wconf 86' lang='lat' dir='ltr'><strong>primus</strong></span> <span class='ocrx_word' id='word_1_34' title='bbox 384 1114 510 1201; x_wconf 89' lang='lat' dir='ltr'><strong>quidem</strong></span> <span class='ocrx_word' id='word_1_35' title='bbox 524 1113 646 1194; x_wconf 90' lang='lat' dir='ltr'><strong>modus,</strong></span> <span class='ocrx_word' id='word_1_36' title='bbox 662 1114 778 1182; x_wconf 89' lang='lat' dir='ltr'><strong>scilicet</strong></span> <span class='ocrx_word' id='word_1_37' title='bbox 793 1113 876 1202; x_wconf 89' lang='lat' dir='ltr'><strong>quod</strong></span> <span class='ocrx_word' id='word_1_38' title='bbox 890 1111 1041 1200; x_wconf 86' lang='lat' dir='ltr'><strong>depretia</strong></span> 
     </span>
     <span class='ocr_line' id='line_1_9' title="bbox 118 1203 1040 1292; baseline -0.005 -22"><span class='ocrx_word' id='word_1_39' title='bbox 118 1205 348 1292; x_wconf 89' lang='lat' dir='ltr'><strong>possessionum</strong></span> <span class='ocrx_word' id='word_1_40' title='bbox 361 1203 554 1270; x_wconf 87' lang='lat' dir='ltr'><strong>uenditarum</strong></span> <span class='ocrx_word' id='word_1_41' title='bbox 578 1223 688 1271; x_wconf 89' lang='lat' dir='ltr'><strong>omnes</strong></span> <span class='ocrx_word' id='word_1_42' title='bbox 703 1203 911 1272; x_wconf 88' lang='lat' dir='ltr'><strong>communiter</strong></span> <span class='ocrx_word' id='word_1_43' title='bbox 926 1203 1040 1278; x_wconf 85' lang='lat' dir='ltr'><strong>uiuunt,</strong></span> 
     </span>
     <span class='ocr_line' id='line_1_10' title="bbox 117 1290 1041 1379; baseline -0.004 -20"><span class='ocrx_word' id='word_1_44' title='bbox 117 1292 273 1359; x_wconf 79' lang='lat' dir='ltr'><strong>subiciens</strong></span> <span class='ocrx_word' id='word_1_45' title='bbox 295 1306 351 1370; x_wconf 87' lang='lat' dir='ltr'><strong>est,</strong></span> <span class='ocrx_word' id='word_1_46' title='bbox 383 1311 447 1358; x_wconf 87' lang='lat' dir='ltr'><strong>non</strong></span> <span class='ocrx_word' id='word_1_47' title='bbox 475 1305 577 1358; x_wconf 88' lang='lat' dir='ltr'><strong>tamen</strong></span> <span class='ocrx_word' id='word_1_48' title='bbox 602 1293 641 1358; x_wconf 91' lang='lat' dir='ltr'><strong>ad</strong></span> <span class='ocrx_word' id='word_1_49' title='bbox 675 1294 803 1379; x_wconf 76' lang='lat' dir='ltr'><strong>longum</strong></span> <span class='ocrx_word' id='word_1_50' title='bbox 838 1305 968 1376; x_wconf 84' lang='lat' dir='ltr'><strong>tempus.</strong></span> <span class='ocrx_word' id='word_1_51' title='bbox 1005 1290 1041 1356; x_wconf 84' lang='lat' dir='ltr'><strong>Et</strong></span> 
     </span>
     <span class='ocr_line' id='line_1_11' title="bbox 118 1379 1042 1468; baseline -0.002 -20"><span class='ocrx_word' id='word_1_52' title='bbox 118 1382 189 1448; x_wconf 86' lang='lat' dir='ltr'><strong>ideo</strong></span> <span class='ocrx_word' id='word_1_53' title='bbox 212 1381 347 1468; x_wconf 77' lang='lat' dir='ltr'>Apostoli</span> <span class='ocrx_word' id='word_1_54' title='bbox 386 1381 470 1448; x_wconf 88' lang='lat' dir='ltr'><strong>bunc</strong></span> <span class='ocrx_word' id='word_1_55' title='bbox 504 1381 633 1447; x_wconf 90' lang='lat' dir='ltr'><strong>modum</strong></span> <span class='ocrx_word' id='word_1_56' title='bbox 673 1381 794 1448; x_wconf 82' lang='lat' dir='ltr'><strong>uiuendi</strong></span> <span class='ocrx_word' id='word_1_57' title='bbox 829 1379 971 1447; x_wconf 86' lang='lat' dir='ltr'><strong>fidelibus</strong></span> <span class='ocrx_word' id='word_1_58' title='bbox 1010 1379 1042 1446; x_wconf 89' lang='lat' dir='ltr'><strong>in</strong></span> 
     </span>
     <span class='ocr_line' id='line_1_12' title="bbox 118 1467 1043 1559; baseline -0.006 -21"><span class='ocrx_word' id='word_1_59' title='bbox 118 1471 290 1538; x_wconf 75' lang='lat' dir='ltr'><strong>Jerusalem</strong></span> <span class='ocrx_word' id='word_1_60' title='bbox 314 1469 523 1549; x_wconf 76' lang='lat' dir='ltr'><strong>instituebant,</strong></span> <span class='ocrx_word' id='word_1_61' title='bbox 554 1471 625 1556; x_wconf 89' lang='lat' dir='ltr'><strong>quia</strong></span> <span class='ocrx_word' id='word_1_62' title='bbox 650 1469 872 1559; x_wconf 82' lang='lat' dir='ltr'><strong>praevidebant</strong></span> <span class='ocrx_word' id='word_1_63' title='bbox 896 1489 951 1556; x_wconf 90' lang='lat' dir='ltr'><strong>per</strong></span> <span class='ocrx_word' id='word_1_64' title='bbox 973 1467 1043 1555; x_wconf 89' lang='lat' dir='ltr'><strong>Spi-</strong></span> 
     </span>
     <span class='ocr_line' id='line_1_13' title="bbox 118 1555 1044 1644; baseline -0.006 -16"><span class='ocrx_word' id='word_1_65' title='bbox 118 1561 213 1628; x_wconf 80' lang='lat' dir='ltr'><strong>risum</strong></span> <span class='ocrx_word' id='word_1_66' title='bbox 237 1558 383 1625; x_wconf 90' lang='lat' dir='ltr'><strong>Sanctum</strong></span> <span class='ocrx_word' id='word_1_67' title='bbox 408 1557 491 1644; x_wconf 89' lang='lat' dir='ltr'><strong>quod</strong></span> <span class='ocrx_word' id='word_1_68' title='bbox 517 1579 579 1624; x_wconf 91' lang='lat' dir='ltr'><strong>non</strong></span> <span class='ocrx_word' id='word_1_69' title='bbox 614 1559 667 1625; x_wconf 90' lang='lat' dir='ltr'><strong>diu</strong></span> <span class='ocrx_word' id='word_1_70' title='bbox 692 1561 723 1626; x_wconf 89' lang='lat' dir='ltr'><strong>in</strong></span> <span class='ocrx_word' id='word_1_71' title='bbox 746 1558 915 1626; x_wconf 83' lang='lat' dir='ltr'><strong>Jerusalem</strong></span> <span class='ocrx_word' id='word_1_72' title='bbox 951 1555 1044 1624; x_wconf 88' lang='lat' dir='ltr'><strong>simul</strong></span> 
     </span>
     <span class='ocr_line' id='line_1_14' title="bbox 119 1647 1044 1736; baseline -0.004 -22"><span class='ocrx_word' id='word_1_73' title='bbox 119 1648 307 1714; x_wconf 87' lang='lat' dir='ltr'><strong>commorari</strong></span> <span class='ocrx_word' id='word_1_74' title='bbox 330 1647 491 1726; x_wconf 88' lang='lat' dir='ltr'><strong>deberent,</strong></span> <span class='ocrx_word' id='word_1_75' title='bbox 515 1659 580 1714; x_wconf 90' lang='lat' dir='ltr'><strong>tum</strong></span> <span class='ocrx_word' id='word_1_76' title='bbox 604 1662 731 1736; x_wconf 88' lang='lat' dir='ltr'><strong>propter</strong></span> <span class='ocrx_word' id='word_1_77' title='bbox 762 1647 990 1736; x_wconf 81' lang='lat' dir='ltr'><strong>persecutiones</strong></span> <span class='ocrx_word' id='word_1_78' title='bbox 1013 1659 1044 1711; x_wconf 91' lang='lat' dir='ltr'><strong>et</strong></span> 
     </span>
     <span class='ocr_line' id='line_1_15' title="bbox 116 1735 1043 1823; baseline -0.005 -19"><span class='ocrx_word' id='word_1_79' title='bbox 116 1736 249 1823; x_wconf 84' lang='lat' dir='ltr'><strong>injurias</strong></span> <span class='ocrx_word' id='word_1_80' title='bbox 272 1738 316 1802; x_wconf 90' lang='lat' dir='ltr'><strong>eis</strong></span> <span class='ocrx_word' id='word_1_81' title='bbox 345 1735 522 1814; x_wconf 80' lang='lat' dir='ltr'><strong>inserendas</strong></span> <span class='ocrx_word' id='word_1_82' title='bbox 555 1758 573 1803; x_wconf 89' lang='lat' dir='ltr'><strong>a</strong></span> <span class='ocrx_word' id='word_1_83' title='bbox 597 1737 733 1817; x_wconf 87' lang='lat' dir='ltr'><strong>ludaeis,</strong></span> <span class='ocrx_word' id='word_1_84' title='bbox 756 1750 820 1802; x_wconf 90' lang='lat' dir='ltr'><strong>tum</strong></span> <span class='ocrx_word' id='word_1_85' title='bbox 855 1737 947 1801; x_wconf 90' lang='lat' dir='ltr'><strong>etiam</strong></span> <span class='ocrx_word' id='word_1_86' title='bbox 971 1753 1043 1819; x_wconf 91' lang='lat' dir='ltr'><strong>pro-</strong></span> 
     </span>
     <span class='ocr_line' id='line_1_16' title="bbox 120 1821 1045 1914; baseline -0.003 -24"><span class='ocrx_word' id='word_1_87' title='bbox 120 1841 190 1914; x_wconf 88' lang='lat' dir='ltr'><strong>pter</strong></span> <span class='ocrx_word' id='word_1_88' title='bbox 201 1826 363 1892; x_wconf 88' lang='lat' dir='ltr'><strong>instantem</strong></span> <span class='ocrx_word' id='word_1_89' title='bbox 381 1825 620 1892; x_wconf 82' lang='lat' dir='ltr'><strong>destructionem</strong></span> <span class='ocrx_word' id='word_1_90' title='bbox 637 1825 765 1892; x_wconf 82' lang='lat' dir='ltr'><strong>ciuitatis</strong></span> <span class='ocrx_word' id='word_1_91' title='bbox 780 1839 811 1891; x_wconf 92' lang='lat' dir='ltr'><strong>et</strong></span> <span class='ocrx_word' id='word_1_92' title='bbox 832 1825 943 1912; x_wconf 74' lang='lat' dir='ltr'><strong>gentis.</strong></span> <span class='ocrx_word' id='word_1_93' title='bbox 955 1821 1045 1890; x_wconf 90' lang='lat' dir='ltr'><strong>Unde</strong></span> 
     </span>
     <span class='ocr_line' id='line_1_17' title="bbox 120 1911 1048 2002; baseline -0.002 -22"><span class='ocrx_word' id='word_1_94' title='bbox 120 1935 185 1980; x_wconf 84' lang='lat' dir='ltr'><strong>non</strong></span> <span class='ocrx_word' id='word_1_95' title='bbox 209 1913 265 1980; x_wconf 87' lang='lat' dir='ltr'><strong>luit</strong></span> <span class='ocrx_word' id='word_1_96' title='bbox 287 1915 495 1980; x_wconf 87' lang='lat' dir='ltr'><strong>necessarium</strong></span> <span class='ocrx_word' id='word_1_97' title='bbox 519 1916 577 1982; x_wconf 90' lang='lat' dir='ltr'><strong>nisi</strong></span> <span class='ocrx_word' id='word_1_98' title='bbox 601 1915 639 1980; x_wconf 93' lang='lat' dir='ltr'><strong>ad</strong></span> <span class='ocrx_word' id='word_1_99' title='bbox 671 1915 828 1982; x_wconf 86' lang='lat' dir='ltr'><strong>modicum</strong></span> <span class='ocrx_word' id='word_1_100' title='bbox 861 1927 985 2002; x_wconf 86' lang='lat' dir='ltr'><strong>tempus</strong></span> <span class='ocrx_word' id='word_1_101' title='bbox 1008 1911 1048 1978; x_wconf 62' lang='lat' dir='ltr'><strong>li«</strong></span> 
     </span>
     <span class='ocr_line' id='line_1_18' title="bbox 122 1999 1046 2092; baseline -0.004 -22"><span class='ocrx_word' id='word_1_102' title='bbox 122 2003 245 2070; x_wconf 88' lang='lat' dir='ltr'><strong>delibus</strong></span> <span class='ocrx_word' id='word_1_103' title='bbox 268 2003 441 2090; x_wconf 88' lang='lat' dir='ltr'><strong>providere;</strong></span> <span class='ocrx_word' id='word_1_104' title='bbox 464 2016 495 2069; x_wconf 90' lang='lat' dir='ltr'><strong>et</strong></span> <span class='ocrx_word' id='word_1_105' title='bbox 521 2018 649 2092; x_wconf 89' lang='lat' dir='ltr'><strong>propter</strong></span> <span class='ocrx_word' id='word_1_106' title='bbox 683 2005 753 2082; x_wconf 87' lang='lat' dir='ltr'><strong>boc,</strong></span> <span class='ocrx_word' id='word_1_107' title='bbox 782 2016 976 2070; x_wconf 89' lang='lat' dir='ltr'><strong>transeuntes</strong></span> <span class='ocrx_word' id='word_1_108' title='bbox 1005 1999 1046 2066; x_wconf 91' lang='lat' dir='ltr'><strong>ad</strong></span> 
     </span>
     <span class='ocr_line' id='line_1_19' title="bbox 123 2091 1046 2180; baseline -0.001 -23"><span class='ocrx_word' id='word_1_109' title='bbox 123 2106 242 2178; x_wconf 75' lang='lat' dir='ltr'><strong>gentes,</strong></span> <span class='ocrx_word' id='word_1_110' title='bbox 264 2092 296 2156; x_wconf 93' lang='lat' dir='ltr'><strong>in</strong></span> <span class='ocrx_word' id='word_1_111' title='bbox 319 2092 432 2178; x_wconf 89' lang='lat' dir='ltr'><strong>quibos</strong></span> <span class='ocrx_word' id='word_1_112' title='bbox 455 2091 607 2158; x_wconf 79' lang='lat' dir='ltr'><strong>firmanda</strong></span> <span class='ocrx_word' id='word_1_113' title='bbox 630 2107 661 2158; x_wconf 88' lang='lat' dir='ltr'><strong>et</strong></span> <span class='ocrx_word' id='word_1_114' title='bbox 683 2092 885 2180; x_wconf 83' lang='lat' dir='ltr'><strong>perduratura</strong></span> <span class='ocrx_word' id='word_1_115' title='bbox 902 2104 968 2156; x_wconf 88' lang='lat' dir='ltr'><strong>erat</strong></span> <span class='ocrx_word' id='word_1_116' title='bbox 990 2091 1046 2158; x_wconf 86' lang='lat' dir='ltr'><strong>Ec·</strong></span> 
     </span>
     <span class='ocr_line' id='line_1_20' title="bbox 123 2179 1047 2267; baseline -0.004 -19"><span class='ocrx_word' id='word_1_117' title='bbox 123 2181 228 2260; x_wconf 86' lang='lat' dir='ltr'><strong>alesia,</strong></span> <span class='ocrx_word' id='word_1_118' title='bbox 252 2181 336 2246; x_wconf 87' lang='lat' dir='ltr'><strong>buno</strong></span> <span class='ocrx_word' id='word_1_119' title='bbox 348 2179 477 2246; x_wconf 89' lang='lat' dir='ltr'><strong>modurn</strong></span> <span class='ocrx_word' id='word_1_120' title='bbox 494 2181 614 2248; x_wconf 80' lang='lat' dir='ltr'><strong>uiuendi</strong></span> <span class='ocrx_word' id='word_1_121' title='bbox 631 2202 693 2248; x_wconf 91' lang='lat' dir='ltr'><strong>non</strong></span> <span class='ocrx_word' id='word_1_122' title='bbox 709 2181 854 2267; x_wconf 72' lang='lat' dir='ltr'><strong>leguntur</strong></span> <span class='ocrx_word' id='word_1_123' title='bbox 870 2179 1047 2245; x_wconf 89' lang='lat' dir='ltr'><strong>instituisse.</strong></span> 
     </span>
    </p>

    <p class='ocr_par' dir='ltr' id='par_1_6' title="bbox 123 2266 1054 3156">
     <span class='ocr_line' id='line_1_21' title="bbox 190 2266 1047 2344; baseline -0.001 -10"><span class='ocrx_word' id='word_1_124' title='bbox 190 2269 257 2335; x_wconf 91' lang='lat' dir='ltr'><strong>Non</strong></span> <span class='ocrx_word' id='word_1_125' title='bbox 281 2281 385 2334; x_wconf 90' lang='lat' dir='ltr'><strong>autem</strong></span> <span class='ocrx_word' id='word_1_126' title='bbox 420 2281 466 2334; x_wconf 91' lang='lat' dir='ltr'><strong>est</strong></span> <span class='ocrx_word' id='word_1_127' title='bbox 499 2283 604 2335; x_wconf 84' lang='lat' dir='ltr'><strong>contro</strong></span> <span class='ocrx_word' id='word_1_128' title='bbox 643 2270 726 2336; x_wconf 90' lang='lat' dir='ltr'><strong>bunc</strong></span> <span class='ocrx_word' id='word_1_129' title='bbox 762 2268 889 2344; x_wconf 86' lang='lat' dir='ltr'><strong>modom</strong></span> <span class='ocrx_word' id='word_1_130' title='bbox 923 2266 1047 2334; x_wconf 85' lang='lat' dir='ltr'><strong>uiuendi</strong></span> 
     </span>
     <span class='ocr_line' id='line_1_22' title="bbox 123 2357 1049 2446; baseline -0.002 -22"><span class='ocrx_word' id='word_1_131' title='bbox 123 2357 210 2424; x_wconf 78' lang='lat' dir='ltr'><strong>fraus</strong></span> <span class='ocrx_word' id='word_1_132' title='bbox 232 2378 313 2446; x_wconf 90' lang='lat' dir='ltr'><strong>quae</strong></span> <span class='ocrx_word' id='word_1_133' title='bbox 336 2370 436 2445; x_wconf 87' lang='lat' dir='ltr'><strong>potest</strong></span> <span class='ocrx_word' id='word_1_134' title='bbox 458 2378 516 2444; x_wconf 90' lang='lat' dir='ltr'><strong>per</strong></span> <span class='ocrx_word' id='word_1_135' title='bbox 543 2357 769 2445; x_wconf 83' lang='lat' dir='ltr'><strong>dispensatores</strong></span> <span class='ocrx_word' id='word_1_136' title='bbox 804 2357 966 2436; x_wconf 82' lang='lat' dir='ltr'><strong>committi3</strong></span> <span class='ocrx_word' id='word_1_137' title='bbox 988 2357 1049 2422; x_wconf 90' lang='lat' dir='ltr'><strong>boc</strong></span> 
     </span>
     <span class='ocr_line' id='line_1_23' title="bbox 126 2445 1049 2534; baseline -0.003 -21"><span class='ocrx_word' id='word_1_138' title='bbox 126 2447 210 2513; x_wconf 88' lang='lat' dir='ltr'><strong>enim</strong></span> <span class='ocrx_word' id='word_1_139' title='bbox 234 2460 281 2514; x_wconf 89' lang='lat' dir='ltr'><strong>est</strong></span> <span class='ocrx_word' id='word_1_140' title='bbox 303 2467 470 2513; x_wconf 86' lang='lat' dir='ltr'><strong>commune</strong></span> <span class='ocrx_word' id='word_1_141' title='bbox 494 2448 524 2512; x_wconf 93' lang='lat' dir='ltr'><strong>in</strong></span> <span class='ocrx_word' id='word_1_142' title='bbox 541 2447 626 2513; x_wconf 88' lang='lat' dir='ltr'><strong>omui</strong></span> <span class='ocrx_word' id='word_1_143' title='bbox 643 2446 737 2513; x_wconf 93' lang='lat' dir='ltr'><strong>modo</strong></span> <span class='ocrx_word' id='word_1_144' title='bbox 750 2445 873 2512; x_wconf 81' lang='lat' dir='ltr'><strong>uiuendi</strong></span> <span class='ocrx_word' id='word_1_145' title='bbox 888 2447 919 2512; x_wconf 89' lang='lat' dir='ltr'><strong>in</strong></span> <span class='ocrx_word' id='word_1_146' title='bbox 935 2445 1049 2534; x_wconf 86' lang='lat' dir='ltr'><strong>quibus</strong></span> 
     </span>
     <span class='ocr_line' id='line_1_24' title="bbox 127 2535 1050 2623; baseline -0.002 -21"><span class='ocrx_word' id='word_1_147' title='bbox 127 2537 181 2622; x_wconf 91' lang='lat' dir='ltr'><strong>(l)</strong></span> <span class='ocrx_word' id='word_1_148' title='bbox 204 2535 299 2623; x_wconf 89' lang='lat' dir='ltr'><strong>aliqui</strong></span> <span class='ocrx_word' id='word_1_149' title='bbox 323 2535 361 2600; x_wconf 93' lang='lat' dir='ltr'><strong>ad</strong></span> <span class='ocrx_word' id='word_1_150' title='bbox 386 2535 517 2601; x_wconf 86' lang='lat' dir='ltr'><strong>inuicem</strong></span> <span class='ocrx_word' id='word_1_151' title='bbox 533 2537 710 2614; x_wconf 58' lang='lat' dir='ltr'><strong>convivunt</strong></span> <span class='ocrx_word' id='word_1_152' title='bbox 726 2537 757 2601; x_wconf 90' lang='lat' dir='ltr'><strong>in</strong></span> <span class='ocrx_word' id='word_1_153' title='bbox 774 2535 834 2601; x_wconf 90' lang='lat' dir='ltr'><strong>boc</strong></span> <span class='ocrx_word' id='word_1_154' title='bbox 849 2547 1050 2614; x_wconf 79' lang='lat' dir='ltr'><strong>autemtonto</strong></span> 
     </span>
     <span class='ocr_line' id='line_1_25' title="bbox 127 2621 1049 2711; baseline -0.004 -19"><span class='ocrx_word' id='word_1_155' title='bbox 127 2625 232 2692; x_wconf 88' lang='lat' dir='ltr'><strong>minus</strong></span> <span class='ocrx_word' id='word_1_156' title='bbox 259 2635 374 2711; x_wconf 80' lang='lat' dir='ltr'><strong>quanto</strong></span> <span class='ocrx_word' id='word_1_157' title='bbox 410 2623 562 2691; x_wconf 84' lang='lat' dir='ltr'><strong>difficilius</strong></span> <span class='ocrx_word' id='word_1_158' title='bbox 596 2625 776 2710; x_wconf 78' lang='lat' dir='ltr'><strong>contingere</strong></span> <span class='ocrx_word' id='word_1_159' title='bbox 810 2623 933 2690; x_wconf 82' lang='lat' dir='ltr'><strong>uidetur</strong></span> <span class='ocrx_word' id='word_1_160' title='bbox 965 2621 1049 2710; x_wconf 85' lang='lat' dir='ltr'><strong>quod</strong></span> 
     </span>
     <span class='ocr_line' id='line_1_26' title="bbox 127 2711 1052 2802; baseline -0.002 -24"><span class='ocrx_word' id='word_1_161' title='bbox 127 2712 349 2802; x_wconf 82' lang='lat' dir='ltr'><strong>perlectionem</strong></span> <span class='ocrx_word' id='word_1_162' title='bbox 374 2712 454 2779; x_wconf 85' lang='lat' dir='ltr'><strong>vitae</strong></span> <span class='ocrx_word' id='word_1_163' title='bbox 482 2727 635 2780; x_wconf 89' lang='lat' dir='ltr'><strong>sectantes</strong></span> <span class='ocrx_word' id='word_1_164' title='bbox 672 2711 814 2779; x_wconf 79' lang='lat' dir='ltr'><strong>fraudem</strong></span> <span class='ocrx_word' id='word_1_165' title='bbox 849 2711 1052 2778; x_wconf 88' lang='lat' dir='ltr'><strong>committant.</strong></span> 
     </span>
     <span class='ocr_line' id='line_1_27' title="bbox 125 2799 1052 2889; baseline -0.006 -19"><span class='ocrx_word' id='word_1_166' title='bbox 125 2799 297 2870; x_wconf 79' lang='lat' dir='ltr'><strong>Adhibetur</strong></span> <span class='ocrx_word' id='word_1_167' title='bbox 319 2801 412 2868; x_wconf 87' lang='lat' dir='ltr'><strong>etiam</strong></span> <span class='ocrx_word' id='word_1_168' title='bbox 446 2816 552 2868; x_wconf 89' lang='lat' dir='ltr'><strong>contra</strong></span> <span class='ocrx_word' id='word_1_169' title='bbox 586 2803 646 2870; x_wconf 89' lang='lat' dir='ltr'><strong>boc</strong></span> <span class='ocrx_word' id='word_1_170' title='bbox 679 2800 852 2870; x_wconf 89' lang='lat' dir='ltr'><strong>remedium</strong></span> <span class='ocrx_word' id='word_1_171' title='bbox 889 2819 945 2889; x_wconf 88' lang='lat' dir='ltr'><strong>par</strong></span> <span class='ocrx_word' id='word_1_172' title='bbox 979 2819 1052 2887; x_wconf 86' lang='lat' dir='ltr'><strong>prn-</strong></span> 
     </span>
     <span class='ocr_line' id='line_1_28' title="bbox 127 2886 1054 2978; baseline -0.005 -20"><span class='ocrx_word' id='word_1_173' title='bbox 127 2891 232 2958; x_wconf 71' lang='lat' dir='ltr'><strong>‘vidam</strong></span> <span class='ocrx_word' id='word_1_174' title='bbox 267 2889 404 2956; x_wconf 85' lang='lat' dir='ltr'><strong>fidelium</strong></span> <span class='ocrx_word' id='word_1_175' title='bbox 428 2890 673 2978; x_wconf 86' lang='lat' dir='ltr'><strong>dispensatorum</strong></span> <span class='ocrx_word' id='word_1_176' title='bbox 709 2890 943 2968; x_wconf 83' lang='lat' dir='ltr'><strong>institutionem3</strong></span> <span class='ocrx_word' id='word_1_177' title='bbox 968 2886 1054 2955; x_wconf 85' lang='lat' dir='ltr'><strong>unde</strong></span> 
     </span>
     <span class='ocr_line' id='line_1_29' title="bbox 129 2974 1053 3069; baseline -0.005 -23"><span class='ocrx_word' id='word_1_178' title='bbox 129 2978 190 3046; x_wconf 91' lang='lat' dir='ltr'><strong>sub</strong></span> <span class='ocrx_word' id='word_1_179' title='bbox 212 2979 363 3064; x_wconf 82' lang='lat' dir='ltr'><strong>Apostolis</strong></span> <span class='ocrx_word' id='word_1_180' title='bbox 398 2979 485 3046; x_wconf 89' lang='lat' dir='ltr'><strong>electi</strong></span> <span class='ocrx_word' id='word_1_181' title='bbox 508 2994 579 3046; x_wconf 87' lang='lat' dir='ltr'><strong>sunt</strong></span> <span class='ocrx_word' id='word_1_182' title='bbox 602 2979 777 3069; x_wconf 84' lang='lat' dir='ltr'><strong>Stephanos</strong></span> <span class='ocrx_word' id='word_1_183' title='bbox 801 2991 831 3044; x_wconf 90' lang='lat' dir='ltr'><strong>et</strong></span> <span class='ocrx_word' id='word_1_184' title='bbox 865 2977 915 3044; x_wconf 92' lang='lat' dir='ltr'><strong>alii</strong></span> <span class='ocrx_word' id='word_1_185' title='bbox 938 2977 991 3063; x_wconf 88' lang='lat' dir='ltr'><strong>qui</strong></span> <span class='ocrx_word' id='word_1_186' title='bbox 1014 2974 1053 3043; x_wconf 91' lang='lat' dir='ltr'><strong>ad</strong></span> 
     </span>
     <span class='ocr_line' id='line_1_30' title="bbox 129 3066 731 3156; baseline -0.002 -22"><span class='ocrx_word' id='word_1_187' title='bbox 129 3069 191 3140; x_wconf 88' lang='lat' dir='ltr'><strong>boc</strong></span> <span class='ocrx_word' id='word_1_188' title='bbox 214 3066 349 3133; x_wconf 84' lang='lat' dir='ltr'><strong>officium</strong></span> <span class='ocrx_word' id='word_1_189' title='bbox 373 3068 477 3134; x_wconf 87' lang='lat' dir='ltr'><strong>idonei</strong></span> <span class='ocrx_word' id='word_1_190' title='bbox 500 3069 731 3156; x_wconf 88' lang='lat' dir='ltr'><strong>reputabantur.</strong></span> 
     </span>
    </p>

    <p class='ocr_par' dir='ltr' id='par_1_7' title="bbox 132 3153 1059 3511">
     <span class='ocr_line' id='line_1_31' title="bbox 132 3153 1053 3224; baseline 0 -3"><span class='ocrx_word' id='word_1_191' title='bbox 132 3201 134 3208; x_wconf 30' lang='grc' dir='ltr'>ι</span> <span class='ocrx_word' id='word_1_192' title='bbox 199 3155 250 3221; x_wconf 83' lang='lat' dir='ltr'><strong>Est</strong></span> <span class='ocrx_word' id='word_1_193' title='bbox 272 3169 375 3222; x_wconf 88' lang='lat' dir='ltr'><strong>autam</strong></span> <span class='ocrx_word' id='word_1_194' title='bbox 397 3168 428 3222; x_wconf 91' lang='lat' dir='ltr'><strong>et</strong></span> <span class='ocrx_word' id='word_1_195' title='bbox 450 3156 604 3224; x_wconf 89' lang='lat' dir='ltr'><strong>secundus</strong></span> <span class='ocrx_word' id='word_1_196' title='bbox 638 3157 750 3224; x_wconf 92' lang='lat' dir='ltr'><strong>modus</strong></span> <span class='ocrx_word' id='word_1_197' title='bbox 784 3153 907 3222; x_wconf 83' lang='lat' dir='ltr'><strong>uiuendi</strong></span> <span class='ocrx_word' id='word_1_198' title='bbox 940 3175 1053 3222; x_wconf 88' lang='lat' dir='ltr'><strong>conve·</strong></span> 
     </span>
     <span class='ocr_line' id='line_1_32' title="bbox 133 3243 1057 3334; baseline -0.002 -20"><span class='ocrx_word' id='word_1_199' title='bbox 133 3244 221 3314; x_wconf 87' lang='lat' dir='ltr'><strong>niens</strong></span> <span class='ocrx_word' id='word_1_200' title='bbox 234 3243 437 3311; x_wconf 88' lang='lat' dir='ltr'><strong>uoluntariam</strong></span> <span class='ocrx_word' id='word_1_201' title='bbox 450 3259 663 3334; x_wconf 86' lang='lat' dir='ltr'><strong>paupertatem</strong></span> <span class='ocrx_word' id='word_1_202' title='bbox 680 3244 877 3323; x_wconf 77' lang='lat' dir='ltr'><strong>sectantibus,</strong></span> <span class='ocrx_word' id='word_1_203' title='bbox 893 3257 927 3309; x_wconf 92' lang='lat' dir='ltr'><strong>ut</strong></span> <span class='ocrx_word' id='word_1_204' title='bbox 942 3243 1057 3312; x_wconf 88' lang='lat' dir='ltr'><strong>scilicet</strong></span> 
     </span>
     <span class='ocr_line' id='line_1_33' title="bbox 133 3332 1058 3421; baseline 0.001 -22"><span class='ocrx_word' id='word_1_205' title='bbox 133 3334 174 3399; x_wconf 90' lang='lat' dir='ltr'><strong>de</strong></span> <span class='ocrx_word' id='word_1_206' title='bbox 196 3333 440 3419; x_wconf 88' lang='lat' dir='ltr'><strong>possessionibus</strong></span> <span class='ocrx_word' id='word_1_207' title='bbox 458 3336 676 3402; x_wconf 86' lang='lat' dir='ltr'><strong>communibus</strong></span> <span class='ocrx_word' id='word_1_208' title='bbox 698 3335 811 3400; x_wconf 81' lang='lat' dir='ltr'><strong>vivant.</strong></span> <span class='ocrx_word' id='word_1_209' title='bbox 823 3332 887 3399; x_wconf 87' lang='lat' dir='ltr'><strong>Nec</strong></span> <span class='ocrx_word' id='word_1_210' title='bbox 903 3353 960 3421; x_wconf 91' lang='lat' dir='ltr'><strong>per</strong></span> <span class='ocrx_word' id='word_1_211' title='bbox 973 3333 1058 3402; x_wconf 88' lang='lat' dir='ltr'><strong>bunc</strong></span> 
     </span>
     <span class='ocr_line' id='line_1_34' title="bbox 135 3421 1059 3511; baseline -0.001 -19"><span class='ocrx_word' id='word_1_212' title='bbox 135 3421 266 3492; x_wconf 89' lang='lat' dir='ltr'><strong>modum</strong></span> <span class='ocrx_word' id='word_1_213' title='bbox 283 3421 398 3509; x_wconf 88' lang='lat' dir='ltr'><strong>aliquid</strong></span> <span class='ocrx_word' id='word_1_214' title='bbox 414 3421 534 3510; x_wconf 88' lang='lat' dir='ltr'><strong>deperit</strong></span> <span class='ocrx_word' id='word_1_215' title='bbox 549 3422 797 3511; x_wconf 80' lang='lat' dir='ltr'><strong>perfectionisad</strong></span> <span class='ocrx_word' id='word_1_216' title='bbox 814 3442 910 3509; x_wconf 87' lang='lat' dir='ltr'><strong>quam</strong></span> <span class='ocrx_word' id='word_1_217' title='bbox 926 3423 1059 3492; x_wconf 89' lang='lat' dir='ltr'><strong>tendunt</strong></span> 
     </span>
    </p>
   </div>
   <div class='ocr_carea' id='block_1_5' title="bbox 185 3525 870 3603">
    <p class='ocr_par' dir='ltr' id='par_1_8' title="bbox 185 3525 870 3603">
     <span class='ocr_line' id='line_1_35' title="bbox 185 3525 870 3603; baseline -0.003 -19"><span class='ocrx_word' id='word_1_218' title='bbox 185 3527 227 3602; x_wconf 70' lang='lat' dir='ltr'><strong>tl)</strong></span> <span class='ocrx_word' id='word_1_219' title='bbox 244 3527 277 3584; x_wconf 89' lang='lat' dir='ltr'><strong>ln</strong></span> <span class='ocrx_word' id='word_1_220' title='bbox 295 3532 398 3600; x_wconf 80' lang='lat' dir='ltr'><strong>quibos,</strong></span> <span class='ocrx_word' id='word_1_221' title='bbox 414 3528 434 3588; x_wconf 86' lang='lat' dir='ltr'><strong>i.</strong></span> <span class='ocrx_word' id='word_1_222' title='bbox 453 3545 477 3583; x_wconf 85' lang='lat' dir='ltr'><strong>e.</strong></span> <span class='ocrx_word' id='word_1_223' title='bbox 494 3530 521 3588; x_wconf 83' lang='lat' dir='ltr'><strong>ln</strong></span> <span class='ocrx_word' id='word_1_224' title='bbox 541 3528 637 3603; x_wconf 88' lang='lat' dir='ltr'><strong>quibus</strong></span> <span class='ocrx_word' id='word_1_225' title='bbox 654 3529 738 3584; x_wconf 87' lang='lat' dir='ltr'><strong>modia</strong></span> <span class='ocrx_word' id='word_1_226' title='bbox 756 3525 870 3586; x_wconf 84' lang='lat' dir='ltr'><strong>uiuendi.</strong></span> 
     </span>
    </p>
   </div>
   <div class='ocr_carea' id='block_1_6' title="bbox 0 0 1283 3968">
    <p class='ocr_par' dir='ltr' id='par_1_9' title="bbox 0 0 1283 3968">
     <span class='ocr_line' id='line_1_36' title="bbox 0 0 1283 3968; baseline 0 0"><span class='ocrx_word' id='word_1_227' title='bbox 0 0 1283 3968; x_wconf 95' lang='lat' dir='ltr'><strong> </strong></span> 
     </span>
    </p>
   </div>
  </div>
 </body>
</html>
