2372 3966
323 271 381 316 nn.
404 271 445 314 ιιι.
469 269 534 316 ιιι.
556 270 655 316 xxxta.
902 253 959 318 llll

67 341 184 425 Cognitio
208 352 311 406 autem
335 339 489 427 praedicta
513 341 646 405 multum
662 340 886 406 incertitudinis
911 344 965 406 hu·

66 431 110 508 beu
131 429 217 518 quod
241 429 432 494 demonstret
453 429 614 494 diversitas
636 429 834 494 scientiarum
857 429 896 496 de
919 431 966 496 di·

63 521 121 584 rinis
142 539 255 584 eorum
278 519 330 604 qui
354 518 431 584 haec
452 539 507 604 per
530 524 610 583 riam
634 519 963 584 demonstrationisin·

60 609 150 674 renire
175 609 277 672 conati
302 620 384 672 sant.
406 606 472 672 Non
497 621 542 672 est
566 609 658 692 igitur
675 608 704 672 in
723 607 775 673 tali
791 610 967 694 cognitione

56 700 148 762 ultima
172 697 314 762 lelicitas.

110 787 199 864 item,
222 785 371 852 Voluntas
394 805 465 850 eum
490 800 654 851 consecuta
692 783 785 850 fuerit
823 786 966 852 ultimum

53 876 149 954 luem,
172 876 329 961 quietatur
351 873 419 958 ejus
454 873 655 940 desiderium.
694 874 824 940 Ultimas
863 889 966 941 autem

52 964 112 1029 inis
135 966 239 1030 omnis
262 963 444 1048 cognitionis
467 965 622 1029 humanae
656 975 702 1030 εει
740 963 877 1030 felicitas.
914 965 967 1032 llla

52 1056 136 1136 igitur
158 1053 297 1136 cognitio
321 1052 377 1116 Dei
401 1053 606 1118 essentialiter
642 1067 688 1118 est
727 1053 790 1138 ipsa
829 1053 967 1134 felicitas,

51 1164 101 1228 qua
125 1141 244 1218 habite,
268 1162 330 1206 non
354 1141 621 1227 restabit-alicujus
636 1141 749 1208 scibilis
762 1142 966 1209 desideranda

50 1233 188 1316 cognitio.
203 1231 287 1295 Talis
309 1244 412 1294 autem
436 1246 566 1296 nonest
590 1232 724 1316 cognitio
747 1251 841 1317 quam
865 1231 966 1318 philo-

51 1322 129 1407 sophi
156 1340 216 1406 per
239 1320 517 1386 demonstrationes
541 1319 580 1384 de
604 1321 671 1385 Deo
710 1321 825 1386 habere
857 1335 965 1408 potue-

51 1425 123 1488 runt,
146 1411 222 1496 quia
247 1409 358 1486 adhuc,
382 1409 432 1474 illa
455 1410 630 1494 cognitione
655 1409 769 1487 liubila,
803 1411 860 1474 alia
885 1410 966 1474 desi-

51 1498 193 1564 deramus
218 1499 295 1562 scire
318 1517 398 1582 quae
422 1519 476 1585 per
499 1501 579 1564 hanc
601 1499 809 1583 cognitionem
826 1497 967 1564 nondum

52 1590 196 1653 sciuntur.
209 1587 276 1651 Non
293 1600 338 1651 est
350 1587 442 1671 igitar
454 1588 483 1652 in
498 1587 549 1652 tali
569 1588 745 1673 cognitione
756 1587 813 1652 Dei
828 1585 967 1653 lelicitas.

111 1678 236 1754 Adhuc,
259 1675 341 1740 Finis
376 1676 541 1761 cujuslibet
576 1679 606 1742 in
642 1677 777 1762 potentia
815 1677 971 1741 existentis

53 1778 92 1829 est
112 1781 147 1832 ut
173 1769 306 1830 ducatur
330 1766 360 1828 in
384 1779 498 1840 actum;
520 1766 559 1830 ad
595 1765 655 1830 hoc
688 1766 771 1830 enim
796 1765 893 1832 tendit
916 1785 971 1854 per

54 1869 166 1920 motum
193 1875 257 1942 quo
280 1867 421 1918 moretur
446 1855 475 1918 in
491 1853 597 1920 linem.
613 1855 840 1920 Tenditautem
857 1876 970 1921 antam·

54 1943 197 2030 quodque
220 1963 276 2007 eos
301 1943 331 2006 ln
356 1945 490 2029 patentia
515 1943 553 2008 ad
578 1944 637 2008 hoc
661 1944 744 2029 quod
766 1946 805 2009 sit
840 1959 908 2010 actu
925 1967 971 2011 sc·

54 2033 187 2097 cundum
212 2031 295 2118 quod
318 2047 366 2096 est
389 2033 546 2119 possibile
578 2032 693 2118 aliquid
730 2035 812 2098 enim
841 2048 886 2098 est
909 2035 972 2098 eui-

53 2135 129 2186 stens
152 2123 187 2186 in
213 2122 348 2207 potentin
371 2121 459 2207 cujus
482 2135 543 2186 tota
567 2123 706 2207 potentia
740 2135 840 2204 potest
865 2122 970 2187 reduci

54 2212 80 2274 in
102 2225 221 2288 actum,
246 2209 328 2275 unde
351 2210 443 2295 hujus
467 2210 537 2276 finis
561 2224 607 2274 est
623 2223 656 2274 ut
673 2209 807 2276 totaliter
822 2211 969 2276 inactum

54 2299 227 2376 reducatur,
239 2301 318 2364 sicat
340 2319 433 2383 graue
456 2313 540 2364 extra
557 2300 695 2363 medium
720 2301 852 2365 existens
869 2312 915 2365 est
938 2301 968 2364 in

54 2389 185 2471 potentia
200 2389 238 2452 ad
248 2389 406 2474 proprium
415 2387 477 2464 obt}
490 2388 604 2474 aliquid
616 2407 690 2452 vero
703 2401 749 2452 est
762 2388 849 2474 cujus
860 2402 969 2475 poten·

55 2479 90 2540 tia
107 2491 169 2542 tota
181 2497 248 2542 non
272 2491 371 2562 potest
393 2477 484 2542 simul
507 2479 653 2540 inactum
670 2477 786 2556 reduci,
798 2479 874 2542 sicut
887 2491 970 2564 patet

55 2565 89 2631 de
103 2567 234 2634 materia
247 2569 356 2652 prima3
366 2567 450 2632 unde
465 2585 622 2652 persuum
639 2579 757 2632 motum
770 2567 885 2655 appetit
899 2587 970 2634 suc·

55 2656 166 2721 cessive
189 2657 222 2722 in
246 2667 347 2720 actum
372 2656 561 2721 diversarum
585 2653 755 2721 formarum
771 2661 867 2733 exire,
888 2675 969 2743 quac

56 2744 107 2809 sibi
130 2759 259 2832 propter
281 2765 387 2809 earum
411 2744 617 2809 diversitatem
640 2743 733 2810 simul
770 2746 872 2810 inesse
905 2767 968 2810 non

57 2849 189 2917 posunt.
216 2833 509 2898 lntellectusautem
533 2833 742 2898 videturesse
775 2835 806 2897 in
834 2837 970 2922 potentia

58 2922 91 2986 ad
115 2927 221 2990 omnia
245 2922 460 3006 intelligibilia,
480 2935 514 2986 ut
536 2921 652 2986 dictum
676 2937 722 2986 εει
733 2923 768 3009 (Ι.
781 2923 814 3000 2,
830 2923 971 3010 passim);

58 3010 116 3076 dao
138 3025 244 3078 autem
268 3011 470 3096 intelligibilia
494 3023 622 3098 possunt
646 3011 737 3076 simul
762 3011 792 3074 in
817 3011 972 3082 intellectu

60 3103 191 3184 possibili
214 3102 345 3168 existere
367 3099 537 3166 secundum
561 3113 663 3164 aetum
681 3101 827 3187 primum,
854 3100 905 3185 qui
929 3115 975 3164 est

61 3190 191 3269 scientia,
215 3191 284 3256 licet
308 3189 386 3254 lorte
410 3209 470 3254 non
494 3189 666 3254 secundum
690 3189 975 3254 actumsecundum

64 3279 108 3362 qui
132 3295 178 3344 est
199 3278 414 3354 consideratim
437 3297 474 3342 er
497 3297 561 3364 quo
583 3290 667 3364 patet
704 3278 789 3364 quod
823 3291 885 3344 tota
921 3299 975 3365 po·

65 3367 150 3432 tentia
174 3369 345 3434 intellectus
368 3366 520 3454 possibilis
545 3379 643 3454 potest
673 3367 778 3432 reduci
815 3369 906 3433 simul
944 3369 976 3431 ln

66 3470 170 3523 actum.
194 3458 258 3522 Hoc
279 3459 372 3541 igitur
394 3456 560 3543 requiritur
598 3455 636 3518 ed
659 3455 727 3540 ejus
760 3455 903 3534 ultimum
941 3456 977 3520 fi·
1078 3505 1080 3514 t

67 3562 143 3618 nem,
165 3547 216 3635 qai
240 3560 287 3612 est
309 3545 445 3612 lelicitas.
470 3543 535 3611 lloc
557 3556 661 3609 autem
694 3563 758 3611 non
780 3543 851 3610 lecit
888 3561 981 3628 prae-
