2452 3970
392 269 446 315 ttn.
473 271 511 314 ιιι.
536 270 599 316 ean.
624 272 691 316 vvir.
939 253 1001 319 173

83 355 140 421 quo
165 335 277 402 fruitur
308 337 380 404 velit
419 339 588 418 discedere,
613 339 680 404 'nisi
715 353 838 426 propter
876 341 1001 428 aliquod

83 425 197 490 malum
222 427 305 511 quod
331 429 361 492 in
401 426 545 493 fruitione
580 427 661 493 illius
700 427 773 494 boui
811 431 1001 508 aestimatur,

80 512 186 577 saltem
211 529 335 602 propter
359 516 417 582 boo
440 516 524 603 quod
548 518 728 582 aestimatur
743 517 999 604 impedimentum

78 601 202 686 majoris
227 603 312 686 boni;
335 606 412 672 sicat
435 607 518 670 euim
558 606 636 670 nillil
659 606 813 671 desiderat
848 613 1004 694 appetitus

78 690 132 754 nisi
157 691 218 756 sub
241 694 360 760 ratione
385 694 470 770 boni,
494 695 534 760 ita
558 695 634 759 nibil
667 693 744 778 lugit
779 695 836 760 uisi
859 698 917 761 sub
953 719 1001 762 ra-

78 779 158 843 tione
184 780 268 846 mali.
293 783 355 848 Sed
382 785 412 848 in
436 782 581 848 fruitione
606 783 685 848 illius
711 785 835 849 visionis
859 806 921 849 non
946 807 1000 872 po·

77 879 132 932 test
155 889 226 934 esse
250 871 373 957 aliquod
399 871 528 951 malum,
551 892 622 937 oum
646 874 683 936 sit
696 874 847 958 optimum
864 873 904 938 ad
916 875 999 961 qood

76 971 217 1022 creatura
242 960 455 1026 intellectualis
479 962 639 1048 pervenire
655 976 766 1048 potest;
782 982 883 1047 neque
907 965 999 1028 etiam

76 1059 177 1129 potest
202 1049 376 1135 essequod
400 1050 439 1114 ab
463 1070 499 1114 ea
523 1050 575 1136 qui
601 1049 649 1113 illa
665 1049 773 1116 lruitur
810 1052 923 1116 visione
947 1061 998 1116 ae·

76 1135 220 1200 stimetur
242 1138 274 1202 in
298 1159 333 1203 ea
358 1159 425 1204 esse
449 1138 572 1226 aliquod
597 1138 713 1204 malum
738 1139 786 1202 vel
824 1139 939 1226 aliquid
962 1162 999 1205 aa

76 1223 198 1302 melius,
221 1245 291 1290 cum
317 1227 392 1292 visio
419 1227 501 1298 illius
524 1247 666 1292 summae
703 1230 838 1292 veritatis
872 1250 998 1294 omnem

76 1309 183 1378 salsam
210 1316 455 1382 aestimationem
495 1315 648 1382 excludat.
684 1315 876 1402 impossibile
909 1333 954 1382 est
978 1320 1001 1386 ia

75 1400 152 1480 gitur
176 1403 261 1488 quod
284 1405 452 1470 substantia
477 1403 689 1470 intellectualis
712 1425 793 1490 qnae
831 1405 931 1470 Deum
958 1409 1000 1471 vi-

76 1488 124 1552 det
148 1511 289 1577 unquam
313 1493 363 1558 illa
387 1495 505 1559 visione
529 1513 634 1558 carere
658 1493 739 1561 velit.

140 1577 231 1657 item,
253 1581 422 1648 Fastidium
446 1581 574 1666 alicujus
598 1603 661 1667 quo
686 1583 771 1668 prius
795 1579 903 1667 aliquis
917 1582 1000 1648 dele·

76 1665 228 1734 stabiliter
252 1668 411 1736 fruebatur
433 1671 543 1736 accidit
578 1684 702 1758 propter
739 1670 798 1735 hoc
832 1669 916 1756 quod
949 1691 999 1736 res

77 1751 124 1817 illa
148 1757 285 1843 aliquam
309 1760 554 1824 immutationem
572 1761 641 1825 iacit
665 1761 695 1824 in
709 1780 753 1834 re,
769 1760 998 1847 corrumpendo

78 1842 122 1906 vel
146 1844 340 1912 debilitando
364 1849 506 1914 virtutem
530 1849 636 1934 ipsius;
658 1861 689 1913 et
711 1863 837 1934 propter
874 1851 932 1916 hoe
957 1853 998 1914 vi·

79 1949 124 1995 res
147 1935 322 2016 sensibiles,
344 1937 456 2022 quibus
480 1937 589 2002 accidit
613 1937 748 2022 fatigatio
772 1940 802 2000 in
819 1939 883 2003 suis
906 1940 1000 2004 actio·

79 2019 165 2088 nibus
188 2038 315 2110 propter
347 2025 592 2096 immutationem
627 2025 832 2112 corporalium
867 2048 1000 2112 organo·

78 2125 144 2174 rum
168 2133 185 2177 a
212 2113 422 2193 sensibilibus,
446 2136 463 2180 a
487 2115 610 2200 quibus,
638 2115 756 2179 etiamsi
795 2113 909 2180 luerint
946 2136 999 2181 cx-

77 2197 216 2266 cellentia
241 2201 315 2287 (1),Χ
327 2217 579 2290 corrumpuntur,
602 2202 760 2268 fastidiunt
783 2218 851 2289 post
874 2205 999 2290 aliquod

79 2299 197 2374 tempus
223 2287 280 2355 irai
304 2311 342 2354 eo
366 2293 449 2376 quod
474 2293 558 2379 prius
582 2292 805 2358 delectabiliter
827 2294 1000 2358 sentiebant

78 2387 105 2435 et
127 2391 254 2465 propter
279 2379 337 2444 boa
360 2381 453 2446 etiam
491 2380 692 2466 intelligendu
727 2379 883 2446 fastidium
923 2384 998 2468 pati-

79 2480 155 2542 mur,
179 2481 248 2554 post
272 2467 395 2552 longam
420 2469 468 2534 vel
506 2470 724 2536 vehementem
755 2469 999 2546 meditationem,

79 2552 146 2634 quia
169 2556 335 2641 latigantur
368 2557 523 2644 potentiae
547 2573 666 2624 utentes
704 2560 916 2645 corporalibus
949 2582 999 2625 or-

79 2641 174 2720 genis,
197 2649 264 2710 sine
295 2646 407 2731 quibus
452 2648 657 2713 consideratio
696 2647 867 2712 intellectus
903 2651 998 2714 nostri

80 2733 228 2817 compleri
251 2753 312 2798 non
338 2747 448 2821 potest.
472 2735 580 2800 Divina
604 2749 709 2802 autem
744 2735 912 2802 substantia
937 2757 998 2802 ιιοιι

81 2821 258 2908 corrumpit,
280 2823 335 2888 sed
357 2825 491 2888 maxime
515 2825 632 2910 perlicit
672 2824 873 2903 intellectum,
898 2845 998 2910 neque

82 2905 118 2969 ad
142 2909 208 2994 ejus
232 2911 381 2977 visionem
397 2913 551 2977 concurrit
574 2912 687 2998 aliquis
726 2927 812 2978 actus
850 2915 902 2998 qui
941 2935 997 3000 per

81 3010 191 3078 organa
215 3001 385 3086 corporalia
407 3014 594 3066 exerceatur.
620 3000 812 3087 impossibile
835 3018 880 3066 est
906 3003 998 3087 igitur

82 3087 160 3164 quod
185 3087 234 3152 illa
258 3091 334 3154 visio
357 3089 490 3176 aliquem
515 3088 647 3154 fastidiat
670 3091 722 3176 qui
748 3090 833 3177 prius
872 3109 907 3154 ca
946 3093 999 3156 de·

81 3166 255 3243 lectabiliter
276 3175 445 3244 fruebatur.
736 3241 741 3250 ,

143 3265 290 3352 Amplius,
313 3266 395 3332 Nihil
417 3266 499 3353 quod
522 3286 593 3332 cum
618 3266 823 3332 admiratione
855 3269 996 3335 conside·

82 3361 160 3415 ratur
182 3368 282 3440 potest
304 3376 371 3422 esse
394 3354 598 3432 fastidiosum,
630 3355 714 3442 quia,
751 3357 899 3443 quamdiu
937 3361 996 3425 sub

98 3537 102 3548 Ι
127 3469 165 3540 (l)
182 3473 294 3529 Etiamsi
309 3477 410 3547 suerint
427 3477 588 3546 eccellentiae,
607 3477 625 3532 i.
643 3487 666 3533 e.
692 3479 792 3533 etiamsi
825 3495 921 3550 organa
941 3481 997 3536 iue-

82 3549 131 3593 rtut
149 3549 309 3604 vncellcutta.
