2514 3972
443 241 499 288 uta.
523 241 563 288 ru.
588 240 650 287 aar.
675 240 731 287 mn
988 217 1052 290 διδ

130 327 179 380 'est
202 313 328 380 effectus
351 312 508 390 naturalis
532 332 604 376 atam
636 309 754 376 lormae
788 310 944 376 naturales
981 327 1054 380 sunt

129 423 212 489 quac
235 405 266 468 in
290 401 487 467 inferioribus
510 415 675 465 causantur
687 419 725 464 ειι
748 397 858 466 virtute
874 400 1053 468 caelestium

130 512 309 579 cornorum.
336 490 428 572 Quod
453 491 545 575 igitur
559 489 633 553 nulli
658 490 701 554 rei
718 501 896 575 potestesse
911 491 1052 556 naturale

130 603 195 646 non
220 594 319 668 potest
331 579 397 644 lieri
411 579 521 644 virtute
545 579 723 643 caelestium
747 597 923 665 corporum.
948 578 1051 659 Quaa-

129 671 204 736 dam
242 684 347 736 autem
378 668 449 732 talia
488 667 554 732 fieri
594 667 739 732 dicuntur
774 687 829 753 per
852 670 1051 753 operationes

129 759 320 847 praedictas,
357 758 435 822 sicut
473 757 556 842 quod
596 756 635 820 ad
674 757 879 843 praesentiam
919 756 1050 840 alicujus

129 867 346 933 quaecumque
369 866 437 911 sera
461 848 489 909 ei
513 844 675 931 pandatur,
699 844 783 931 quod
806 844 916 931 aliquis
945 845 1049 911 invisi·

130 937 201 1002 bilis
224 937 383 1014 rellatum
406 948 436 999 et
459 938 556 1000 multa
581 933 758 1019 hujusmodi
782 949 956 999 narrantur.
981 935 1048 1000 Non

128 1042 176 1091 εει
199 1026 291 1110 igitur
308 1023 452 1112 possibile
476 1026 535 1089 boc
558 1024 624 1089 lieri
648 1024 758 1088 virtute
781 1024 960 1090 caelestium
981 1044 1049 1090 cor·

151 1136 252 1180 orum.

129 1137 148 1202 p
196 1203 345 1290 Amplius,
366 1199 557 1287 Cuicumque
580 1201 691 1265 virtute
727 1199 906 1266 caelestium
940 1223 1050 1290 corpo-

130 1311 201 1357 rum
237 1292 395 1357 confertur
429 1290 514 1374 quod
531 1291 682 1377 posterius
717 1304 775 1370 εει,
792 1289 949 1356 conlertur
971 1307 1001 1355 ει
1023 1295 1052 1357 εἰ
1100 1307 1103 1316 “

127 1381 212 1468 quod
235 1382 319 1467 prins
342 1392 398 1445 est.
422 1379 536 1444 llloveri
561 1392 662 1442 autem
698 1399 753 1466 per
786 1399 820 1444 se
853 1382 1052 1467 consequitur

127 1471 168 1534 atl
207 1471 322 1535 babere
357 1470 505 1545 animam3
543 1468 751 1534 animatorum
782 1468 865 1532 enim
890 1469 1051 1556 proprium

126 1573 174 1624 εει
198 1559 281 1645 quod
307 1557 453 1624 moleant
474 1558 583 1644 seipsa.
613 1557 966 1643 impossibileestigitur
983 1559 1048 1623 lieri

128 1651 240 1712 virtute
264 1647 442 1712 caelestium
465 1666 631 1732 corporum
654 1645 737 1730 quod
760 1645 876 1731 aliquid
899 1648 1049 1712 inanima·

128 1752 195 1802 tum
220 1757 275 1823 per
297 1757 330 1802 se
352 1749 522 1802 moveatur.
546 1735 625 1799 Fieri
649 1750 752 1800 autem
777 1738 836 1800 lrcc
859 1756 915 1821 per
949 1738 1047 1821 magi-

128 1845 182 1891 cas
205 1841 286 1890 artes
308 1825 420 1890 dicitur
443 1824 526 1910 quod
548 1825 649 1910 aliqua
665 1837 763 1889 statua
777 1843 870 1910 perse
885 1841 1046 1892 moveatur

127 1929 182 1979 ant
205 1935 310 1980 vocem
334 1915 460 1978 emittat.
484 1913 551 1978 Non
575 1928 620 1977 εει
649 1913 741 1997 igitur
779 1912 923 1999 possibile
960 1915 1044 2001 quod

126 2005 252 2070 allectus
273 2003 466 2088 magicarum
490 2003 600 2066 artium
625 2003 675 2066 liat
700 2009 811 2067 virtute
832 2003 965 2068 caelesti.

194 2093 224 2158 Si
248 2107 351 2157 autem
375 2091 494 2156 dicatur
516 2093 599 2177 quod
622 2105 721 2156 statua
744 2091 795 2156 illa
829 2093 955 2156 sortitur
992 2092 1046 2157 ali·

126 2183 211 2266 quod
236 2181 418 2269 principium
444 2183 520 2246 vitae
544 2183 654 2245 virtute
675 2181 853 2246 caelestium
869 2201 1047 2269 corporum,

127 2272 189 2338 lroe
211 2285 257 2336 εει
272 2269 470 2356 impossibile.

195 2361 382 2447 Principium
407 2360 489 2422 enim
514 2359 593 2423 ntae
631 2359 662 2421 in
692 2358 837 2423 omnibns
873 2358 1046 2425 viventibus

128 2463 176 2515 εει
199 2450 297 2514 lomna
319 2448 538 2522 substantiane
562 2448 664 2510 vivere
687 2449 771 2512 enim
794 2462 841 2512 εει
863 2450 1047 2514 esseviven·

129 2541 212 2604 tibus
236 2545 246 2611 l
254 2539 298 2624 l),
322 2551 355 2601 ut
378 2537 584 2622 Philosophus
606 2535 680 2600 dicit
702 2534 757 2619 (de
779 2537 900 2616 Anima,
922 2537 969 2614 ί2).
985 2539 1046 2602 Ιιιι-

128 2628 274 2716 possibile
295 2641 342 2690 est
364 2639 467 2690 autem
490 2625 575 2712 quod
598 2623 714 2710 aliquitl
748 2625 873 2710 recipiat
908 2627 1043 2714 aliquam

128 2717 260 2783 lormam
285 2715 519 2780 substantialem
543 2714 582 2778 de
598 2733 688 2793 noto,
704 2713 761 2778 nisi
778 2715 895 2778 amittat
910 2713 1042 2782 sormam

128 2827 223 2892 quam
248 2805 331 2892 prius
355 2804 461 2868 babuit
483 2807 640 2887 generatio
662 2803 745 2867 enim
770 2801 861 2866 unius
891 2818 937 2869 est
974 2825 1042 2870 uor-

127 2897 232 2982 ruptio
254 2893 391 2958 alterius.
414 2893 447 2956 ln
471 2891 670 2957 lubricatione
693 2905 796 2955 autern
819 2890 948 2978 alicujus
984 2910 1044 2959 sta·

128 3001 200 3050 tuae
224 3003 285 3048 non
308 2982 450 3066 adjicitur
484 2982 585 3066 aliqua
624 2979 966 3061 lorma'substantialis,
988 2983 1044 3048 sed

128 3075 161 3139 lit
185 3073 376 3138 trasmotatio
398 3070 499 3135 solnm
522 3069 693 3134 secundum
729 3067 859 3152 figuram
898 3085 1047 3156 quaeest

128 3164 281 3237 accidens
305 3174 409 3226 ntanet
432 3159 516 3223 enim
539 3157 638 3223 lorma
662 3158 748 3242 cupri
772 3157 820 3222 vel
845 3158 974 3244 alicujus
991 3165 1048 3225 bu·

125 3250 275 3338 jusmodi.
298 3249 365 3314 Non
390 3249 550 3333 igiturest
574 3245 720 3333 possibile
752 3245 836 3331 quod
870 3249 1047 3335 btqusmotli

129 3355 249 3408 statuae
271 3339 438 3406 sortiantur
460 3337 584 3423 aliquod
608 3333 791 3422 principium
806 3335 894 3402 vitae.

183 3446 222 3519 (l)
244 3445 333 3500 Viucra
344 3448 383 3496 ιιι
397 3459 451 3496 carc
479 3442 632 3495 uiuentibus.
650 3440 668 3492 i.
685 3456 707 3494 ε.
726 3424 759 3488 ri
784 3442 872 3495 vivere
891 3443 918 3496 in
936 3444 1048 3498 virenti·

131 3535 181 3589 bus
200 3541 240 3588 cst
258 3517 291 3583 τὸ
309 3545 374 3586 esses
393 3530 510 3589 viventia
526 3530 596 3584 enim
615 3533 676 3584 aunt
694 3530 720 3584 in
739 3537 868 3602 quantum
886 3532 987 3588 uiuunt.
