2514 3972
241 207 307 274 572
531 227 585 277 tta.
610 231 650 276 ιιι.
674 229 737 277 ιιι.
761 229 849 277 oxxtt.

242 298 344 364 riatur.
367 295 481 364 Semen
504 312 619 378 autem,
643 301 698 366 etsi
725 298 764 366 sit
787 295 981 387 superfluum
1004 307 1157 385 qnantum

240 386 281 452 ad
297 385 446 452 individui
462 389 739 468 conservationem,
755 403 917 454 esttamen
945 385 1156 453 necessarium

239 489 390 563 quantum
414 475 453 540 ad
475 478 727 563 propagationem
750 477 874 562 speeiei3
896 476 955 540 alia
992 496 1067 542 vero
1106 493 1154 540 su·

234 561 372 652 'perflue
394 577 428 629 ut
449 567 576 650 egestio,
598 567 698 640 urina,
720 566 817 632 sudor
838 579 869 630 et
884 565 1009 643 similia,
1022 563 1063 628 ad
1080 562 1158 628 nihil

231 653 413 720 necessaria
434 668 515 731 sunt3
543 655 626 721 uude
649 656 687 722 ad
711 655 828 721 bonum
865 653 999 720 hominis
1022 651 1158 740 pertinet

240 742 342 809 solum
364 741 448 829 quod
471 743 660 822 emittantur,
681 765 744 810 nou
767 744 868 810 solurn
891 757 995 809 autem
1019 743 1079 810 noe
1108 759 1157 806 re-

241 831 372 918 quiritur
395 831 425 895 in
448 833 577 908 semine,
599 833 654 899 sed
678 848 711 899 ut
733 833 888 899 emittatur
910 831 950 896 ad
984 832 1158 917 generatio·

241 921 289 986 nis
312 919 483 999 utilitatem,
505 920 544 986 ad
568 941 661 1008 quarn
684 923 782 988 eoitus
820 921 990 987 ordinatur.
1029 919 1155 984 Frustra

240 1021 345 1074 autent
371 1029 434 1074 non
447 1023 527 1075 esset
550 1009 684 1076 hortinis
695 1011 853 1096 generatio
864 1010 921 1075 nisi
934 1023 964 1074 et
979 1007 1084 1074 debita
1101 1029 1156 1074 au·

241 1097 324 1162 tritio
346 1112 536 1184 sequeretur,
549 1101 619 1186 quia
631 1114 812 1185 generatum
829 1119 892 1164 non
905 1110 1090 1175 remaneret,
1101 1096 1154 1162 de-

240 1185 303 1252 bita
326 1187 493 1252 nutritione
515 1189 680 1255 subtracta.
702 1189 752 1254 Sin
775 1190 867 1274 igitur
889 1187 1029 1253 ordinata
1063 1185 1156 1252 debet

241 1293 308 1340 esse
331 1275 457 1341 seminis
480 1277 604 1342 emissio
628 1291 661 1343 ut
684 1279 770 1364 sequi
798 1276 892 1371 possit
928 1290 957 1342 et
995 1282 1156 1361 generatio

240 1364 425 1430 conueniens
448 1379 478 1430 et
500 1367 594 1450 geniti
615 1367 767 1454 educatio.

263 1489 264 1494 κ
306 1452 348 1517 lix
370 1471 433 1538 quo
455 1468 538 1540 patet
560 1455 644 1541 qnod
667 1469 773 1521 eontra
797 1453 930 1520 hominis
952 1453 1073 1520 bonum
1110 1467 1156 1519 est

239 1541 340 1606 omnis
363 1541 487 1608 emissio
509 1545 635 1609 seminis
658 1546 709 1610 tali
748 1543 842 1610 ntodo
875 1543 958 1629 quod
995 1543 1157 1626 generatio

233 1631 326 1716 sequi
350 1650 412 1696 nou
435 1633 542 1718 possit3
564 1646 605 1709 et,
627 1635 652 1698 si
676 1655 714 1699 ex
747 1633 902 1721 proposita
940 1633 999 1696 lton
1032 1642 1155 1715 agatur,

239 1727 359 1806 oportet
381 1739 448 1785 esse
470 1735 640 1807 peecatum.
663 1722 740 1788 Dino
762 1734 865 1788 autem
889 1719 1067 1786 modnmex
1091 1739 1155 1805 quo

238 1806 398 1892 generatio
418 1809 505 1894 sequi
529 1831 590 1876 non
614 1824 714 1898 potest
735 1809 907 1878 seeundum
929 1829 973 1887 se,
994 1808 1153 1874 sientom·

237 1893 285 1960 ιιι
309 1897 432 1962 emissio
454 1899 581 1965 seminis
603 1902 670 1965 sine
693 1901 823 1966 naturali
846 1896 1064 1984 eortjnnotione
1087 1917 1153 1962 tna-

235 1985 278 2050 ris
315 1997 347 2050 et
383 1983 527 2067 seminam
564 1989 794 2077 propterquod
817 1987 994 2072 hujusmodi
1025 1998 1152 2072 peecata

235 2085 342 2140 eontra
364 2087 518 2176 ‘naturam
553 2077 705 2144 dieantur.
743 2080 775 2144 si
803 2091 905 2143 antem
929 2097 984 2163 per
1005 2073 1152 2142 aenidens
1239 2109 1240 2117 ι

233 2177 393 2247 generatto
416 2184 454 2229 ex
477 2166 641 2232 emissione
663 2169 789 2234 seminis
811 2166 897 2253 sequi
935 2185 997 2247 non
1036 2179 1151 2250 posset,
1238 2217 1239 2220 ,

233 2251 295 2317 hoo
318 2272 380 2317 non
404 2265 451 2318 est
473 2267 579 2320 eontra
602 2269 744 2322 naturam
768 2276 825 2324 nee
848 2253 1112 2342 pennatum,sieut
1126 2253 1151 2320 ιι

233 2342 395 2426 contingat
416 2341 577 2409 mulierem
601 2345 737 2411 sterilem
760 2365 837 2412 esse.

300 2428 447 2495 Similiter
468 2433 560 2498 etiam
584 2447 704 2520 oportet
726 2449 831 2500 eontra
855 2431 972 2498 bunum
1011 2428 1149 2496 hominis

231 2535 301 2582 esse
323 2519 347 2583 si
370 2538 477 2604 semen
489 2521 590 2587 taliter
605 2523 761 2588 emittatur
776 2522 859 2610 quod
873 2519 1032 2606 generatio
1058 2521 1148 2614 sequi
1235 2587 1236 2590 ,

231 2605 339 2694 possit,
360 2607 415 2673 sed
439 2608 580 2680 eduoetio
603 2613 790 2678 conveniens
811 2610 1005 2698 impediatur.

299 2695 348 2761 list
371 2696 455 2762 eninr
478 2699 735 2766 considerandum
759 2700 854 2788 quod,
891 2699 922 2763 in
961 2694 1149 2762 animalibus
1234 2747 1235 2756 ι

231 2781 262 2847 ιιι
301 2784 413 2872 quibus
435 2785 501 2852 sola
524 2785 638 2854 semina
661 2789 772 2856 suffieit
795 2790 834 2856 ad
857 2786 951 2878 prolis
985 2785 1146 2852 educatio-

233 2891 317 2951 nem,
339 2893 405 2939 mas
428 2886 458 2940 et
481 2873 594 2941 lentina
623 2891 690 2964 post
726 2881 842 2945 unitum
880 2875 965 2942 nullo
999 2890 1144 2960 tempore

231 2979 439 3040 commanent,
461 2965 538 3030 siout
561 2979 644 3052 patet
676 2967 706 3031 in
744 2969 882 3035 canibus.
920 2965 1145 3048 Quaecumque

231 3069 305 3115 tero
327 3052 471 3117 animalia
492 3067 564 3118 sunt
587 3055 754 3141 inquibus
780 3057 894 3122 lemine
932 3075 995 3119 non
1029 3054 1143 3117 audiuit

227 3137 267 3204 ad
289 3139 504 3207 educationem
528 3142 634 3229 prolis,
657 3163 723 3210 mas
747 3159 777 3212 et
798 3145 913 3211 femina
939 3141 1032 3210 simul
1070 3156 1142 3228 post
1232 3179 1233 3194 ι

225 3227 341 3294 troitum
364 3243 563 3296 commanent
585 3252 746 3320 quousque
776 3232 985 3300 neeessariam
1018 3243 1065 3296 est
1099 3231 1141 3296 ad

224 3317 319 3404 prolis
342 3317 556 3386 educationem
579 3336 609 3386 et
633 3323 877 3397 instructionemr
899 3322 977 3389 sieut
999 3330 1083 3408 patet
1108 3320 1139 3384 in

225 3405 410 3491 quibusdam
434 3408 553 3485 avibus,
575 3425 706 3496 quarum
730 3412 804 3498 pulli
828 3433 890 3478 non
912 3409 1014 3477 atatim
1054 3421 1140 3495 post·

224 3511 318 3577 quarn
340 3496 403 3561 nati
425 3509 498 3562 sunt
518 3512 645 3585 possunt
668 3499 771 3566 eibum
794 3500 852 3570 sibi
875 3517 1037 3589 quaererer
1063 3517 1137 3564 eum
1230 3501 1231 3522 ¹
