<?xml version="1.0" encoding="UTF-8"?>
<!DOCTYPE html PUBLIC "-//W3C//DTD XHTML 1.0 Transitional//EN"
    "http://www.w3.org/TR/xhtml1/DTD/xhtml1-transitional.dtd">
<html xmlns="http://www.w3.org/1999/xhtml" xml:lang="en" lang="en">
 <head>
  <title>
</title>
<meta http-equiv="Content-Type" content="text/html;charset=utf-8" />
  <meta name='ocr-system' content='tesseract 3.04.00' />
  <meta name='ocr-capabilities' content='ocr_page ocr_carea ocr_par ocr_line ocrx_word'/>
</head>
<body>
  <div class='ocr_page' id='page_1' title='image "./sanctithomaeaqu00thomgoog_0300.png"; bbox 0 0 2514 3972; ppageno 0'>
   <div class='ocr_carea' id='block_1_1' title="bbox 137 230 1154 3606">
    <p class='ocr_par' dir='ltr' id='par_1_1' title="bbox 137 230 1154 3606">
     <span class='ocr_line' id='line_1_1' title="bbox 438 230 1053 298; baseline 0.002 -2"><span class='ocrx_word' id='word_1_1' title='bbox 438 253 493 296; x_wconf 82' lang='lat' dir='ltr'>urs.</span> <span class='ocrx_word' id='word_1_2' title='bbox 517 230 557 298; x_wconf 83' lang='lat' dir='ltr'>tir.</span> <span class='ocrx_word' id='word_1_3' title='bbox 582 251 644 298; x_wconf 80' lang='lat' dir='ltr'>cnr.</span> <span class='ocrx_word' id='word_1_4' title='bbox 667 251 743 298; x_wconf 79' lang='lat' dir='ltr'>surr.</span> <span class='ocrx_word' id='word_1_5' title='bbox 989 231 1053 298; x_wconf 72' lang='grc'>995</span> 
     </span>
     <span class='ocr_line' id='line_1_2' title="bbox 138 319 1053 407; baseline 0 -21"><span class='ocrx_word' id='word_1_6' title='bbox 138 320 261 388; x_wconf 76' lang='lat' dir='ltr'>dentiae</span> <span class='ocrx_word' id='word_1_7' title='bbox 283 320 514 399; x_wconf 84' lang='lat' dir='ltr'>subtrahebant,</span> <span class='ocrx_word' id='word_1_8' title='bbox 536 322 613 387; x_wconf 87' lang='lat' dir='ltr'>siout</span> <span class='ocrx_word' id='word_1_9' title='bbox 647 319 739 406; x_wconf 78' lang='lat' dir='ltr'>aliqui</span> <span class='ocrx_word' id='word_1_10' title='bbox 773 320 1053 407; x_wconf 73' lang='lat' dir='ltr'><strong>peripateticorum,</strong></span> 
     </span>
     <span class='ocr_line' id='line_1_3' title="bbox 137 409 1054 496; baseline -0.002 -22"><span class='ocrx_word' id='word_1_11' title='bbox 137 429 262 476; x_wconf 84' lang='lat' dir='ltr'>necnon</span> <span class='ocrx_word' id='word_1_12' title='bbox 285 422 315 474; x_wconf 93' lang='lat' dir='ltr'>et</span> <span class='ocrx_word' id='word_1_13' title='bbox 337 410 380 475; x_wconf 92' lang='lat' dir='ltr'>iiii</span> <span class='ocrx_word' id='word_1_14' title='bbox 405 411 456 496; x_wconf 92' lang='lat' dir='ltr'>qui</span> <span class='ocrx_word' id='word_1_15' title='bbox 480 412 583 475; x_wconf 87' lang='lat' dir='ltr'>omnia</span> <span class='ocrx_word' id='word_1_16' title='bbox 606 428 685 496; x_wconf 89' lang='lat' dir='ltr'>quae</span> <span class='ocrx_word' id='word_1_17' title='bbox 701 409 908 494; x_wconf 88' lang='lat' dir='ltr'>providentiae</span> <span class='ocrx_word' id='word_1_18' title='bbox 923 409 1054 476; x_wconf 83' lang='lat' dir='ltr'>subsunt</span> 
     </span>
     <span class='ocr_line' id='line_1_4' title="bbox 138 497 1053 583; baseline -0.001 -19"><span class='ocrx_word' id='word_1_19' title='bbox 138 520 178 564; x_wconf 83' lang='lat' dir='ltr'>ex</span> <span class='ocrx_word' id='word_1_20' title='bbox 200 497 381 564; x_wconf 82' lang='lat' dir='ltr'>necessitate</span> <span class='ocrx_word' id='word_1_21' title='bbox 403 499 583 583; x_wconf 80' lang='lat' dir='ltr'>contingere</span> <span class='ocrx_word' id='word_1_22' title='bbox 606 497 841 576; x_wconf 77' lang='lat' dir='ltr'>arbitrabantur,</span> <span class='ocrx_word' id='word_1_23' title='bbox 868 499 945 564; x_wconf 87' lang='lat' dir='ltr'>siout</span> <span class='ocrx_word' id='word_1_24' title='bbox 966 499 1053 564; x_wconf 84' lang='lat' dir='ltr'>stoici</span> 
     </span>
     <span class='ocr_line' id='line_1_5' title="bbox 139 586 1055 674; baseline -0.001 -22"><span class='ocrx_word' id='word_1_25' title='bbox 139 607 178 654; x_wconf 87' lang='lat' dir='ltr'>ex</span> <span class='ocrx_word' id='word_1_26' title='bbox 201 587 248 652; x_wconf 91' lang='lat' dir='ltr'>his</span> <span class='ocrx_word' id='word_1_27' title='bbox 270 586 352 652; x_wconf 92' lang='lat' dir='ltr'>enim</span> <span class='ocrx_word' id='word_1_28' title='bbox 377 588 521 652; x_wconf 92' lang='lat' dir='ltr'>omnibus</span> <span class='ocrx_word' id='word_1_29' title='bbox 543 587 680 674; x_wconf 86' lang='lat' dir='ltr'>sequitur</span> <span class='ocrx_word' id='word_1_30' title='bbox 702 586 785 673; x_wconf 90' lang='lat' dir='ltr'>quod</span> <span class='ocrx_word' id='word_1_31' title='bbox 807 586 910 652; x_wconf 92' lang='lat' dir='ltr'>nullus</span> <span class='ocrx_word' id='word_1_32' title='bbox 926 587 964 652; x_wconf 89' lang='lat' dir='ltr'>sit</span> <span class='ocrx_word' id='word_1_33' title='bbox 986 607 1055 652; x_wconf 90' lang='lat' dir='ltr'>ora-</span> 
     </span>
     <span class='ocr_line' id='line_1_6' title="bbox 139 673 1054 762; baseline -0.001 -21"><span class='ocrx_word' id='word_1_34' title='bbox 139 676 232 742; x_wconf 90' lang='lat' dir='ltr'>tionis</span> <span class='ocrx_word' id='word_1_35' title='bbox 254 673 380 756; x_wconf 80' lang='lat' dir='ltr'>fruetus,</span> <span class='ocrx_word' id='word_1_36' title='bbox 403 689 433 742; x_wconf 90' lang='lat' dir='ltr'>et</span> <span class='ocrx_word' id='word_1_37' title='bbox 449 696 503 762; x_wconf 86' lang='lat' dir='ltr'>per</span> <span class='ocrx_word' id='word_1_38' title='bbox 519 696 710 762; x_wconf 84' lang='lat' dir='ltr'>consequens</span> <span class='ocrx_word' id='word_1_39' title='bbox 722 675 805 762; x_wconf 92' lang='lat' dir='ltr'>quod</span> <span class='ocrx_word' id='word_1_40' title='bbox 818 678 918 741; x_wconf 89' lang='lat' dir='ltr'>omnis</span> <span class='ocrx_word' id='word_1_41' title='bbox 934 675 1054 741; x_wconf 79' lang='lat' dir='ltr'>deitatis</span> 
     </span>
     <span class='ocr_line' id='line_1_7' title="bbox 140 763 1054 851; baseline -0.003 -20"><span class='ocrx_word' id='word_1_42' title='bbox 140 765 242 830; x_wconf 82' lang='lat' dir='ltr'>uultus</span> <span class='ocrx_word' id='word_1_43' title='bbox 265 764 316 829; x_wconf 84' lang='lat' dir='ltr'>fiat</span> <span class='ocrx_word' id='word_1_44' title='bbox 339 765 369 830; x_wconf 93' lang='lat' dir='ltr'>in</span> <span class='ocrx_word' id='word_1_45' title='bbox 393 785 517 839; x_wconf 89' lang='lat' dir='ltr'>vanum;</span> <span class='ocrx_word' id='word_1_46' title='bbox 543 763 753 851; x_wconf 79' lang='lat' dir='ltr'>quodquidam</span> <span class='ocrx_word' id='word_1_47' title='bbox 790 784 878 830; x_wconf 91' lang='lat' dir='ltr'>error</span> <span class='ocrx_word' id='word_1_48' title='bbox 911 765 1054 849; x_wconf 79' lang='lat' dir='ltr'>tangitur:</span> 
     </span>
     <span class='ocr_line' id='line_1_8' title="bbox 140 853 1056 939; baseline -0.004 -19"><span class='ocrx_word' id='word_1_49' title='bbox 140 853 286 920; x_wconf 84' lang='lat' dir='ltr'>Diaistis:</span> <span class='ocrx_word' id='word_1_50' title='bbox 316 853 416 918; x_wconf 88' lang='lat' dir='ltr'>Vanus</span> <span class='ocrx_word' id='word_1_51' title='bbox 439 866 483 918; x_wconf 90' lang='lat' dir='ltr'>est</span> <span class='ocrx_word' id='word_1_52' title='bbox 505 855 557 939; x_wconf 86' lang='lat' dir='ltr'>qni</span> <span class='ocrx_word' id='word_1_53' title='bbox 578 857 671 918; x_wconf 87' lang='lat' dir='ltr'>seruit</span> <span class='ocrx_word' id='word_1_54' title='bbox 693 853 770 928; x_wconf 87' lang='lat' dir='ltr'>Deo,·</span> <span class='ocrx_word' id='word_1_55' title='bbox 793 864 822 918; x_wconf 90' lang='lat' dir='ltr'>et</span> <span class='ocrx_word' id='word_1_56' title='bbox 858 854 940 938; x_wconf 84' lang='lat' dir='ltr'>quod</span> <span class='ocrx_word' id='word_1_57' title='bbox 976 873 1056 918; x_wconf 89' lang='lat' dir='ltr'>emo-</span> 
     </span>
     <span class='ocr_line' id='line_1_9' title="bbox 142 943 1056 1028; baseline -0.001 -21"><span class='ocrx_word' id='word_1_58' title='bbox 142 944 322 1020; x_wconf 82' lang='lat' dir='ltr'>lamentum,</span> <span class='ocrx_word' id='word_1_59' title='bbox 344 943 417 1026; x_wconf 86' lang='lat' dir='ltr'>qnia</span> <span class='ocrx_word' id='word_1_60' title='bbox 438 943 655 1008; x_wconf 78' lang='lat' dir='ltr'>aristodiuimns</span> <span class='ocrx_word' id='word_1_61' title='bbox 674 954 841 1028; x_wconf 82' lang='lat' dir='ltr'>praecepta</span> <span class='ocrx_word' id='word_1_62' title='bbox 864 943 1056 1027; x_wconf 81' lang='lat' dir='ltr'>ejasetquia</span> 
     </span>
     <span class='ocr_line' id='line_1_10' title="bbox 141 1031 1056 1097; baseline 0 -1"><span class='ocrx_word' id='word_1_63' title='bbox 141 1031 369 1096; x_wconf 69' lang='lat' dir='ltr'>ambulavimus</span> <span class='ocrx_word' id='word_1_64' title='bbox 400 1033 500 1096; x_wconf 87' lang='lat' dir='ltr'>tristes</span> <span class='ocrx_word' id='word_1_65' title='bbox 534 1051 636 1096; x_wconf 86' lang='lat' dir='ltr'>aarum</span> <span class='ocrx_word' id='word_1_66' title='bbox 671 1033 802 1096; x_wconf 90' lang='lat' dir='ltr'>Domino</span> <span class='ocrx_word' id='word_1_67' title='bbox 837 1033 1056 1097; x_wconf 73' lang='lat' dir='ltr'>exercituum?</span> 
     </span>
     <span class='ocr_line' id='line_1_11' title="bbox 142 1120 1056 1202; baseline 0.001 -17"><span class='ocrx_word' id='word_1_68' title='bbox 142 1120 285 1196; x_wconf 78' lang='lat' dir='ltr'>Maisan,</span> <span class='ocrx_word' id='word_1_69' title='bbox 307 1121 338 1198; x_wconf 82' lang='grc'>5,</span> <span class='ocrx_word' id='word_1_70' title='bbox 361 1121 411 1185; x_wconf 82' lang='lat' dir='ltr'>tt.</span> <span class='ocrx_word' id='word_1_71' title='bbox 443 1120 575 1202; x_wconf 85' lang='lat' dir='ltr'>Quidam</span> <span class='ocrx_word' id='word_1_72' title='bbox 600 1141 672 1186; x_wconf 87' lang='lat' dir='ltr'>vero</span> <span class='ocrx_word' id='word_1_73' title='bbox 696 1121 888 1186; x_wconf 81' lang='lat' dir='ltr'>econtrario</span> <span class='ocrx_word' id='word_1_74' title='bbox 922 1120 1056 1186; x_wconf 88' lang='lat' dir='ltr'>divinam</span> 
     </span>
     <span class='ocr_line' id='line_1_12' title="bbox 144 1208 1057 1296; baseline 0.002 -23"><span class='ocrx_word' id='word_1_75' title='bbox 144 1209 375 1296; x_wconf 88' lang='lat' dir='ltr'>dispositionem</span> <span class='ocrx_word' id='word_1_76' title='bbox 398 1209 567 1274; x_wconf 81' lang='lat' dir='ltr'>vertibilem</span> <span class='ocrx_word' id='word_1_77' title='bbox 591 1209 780 1276; x_wconf 86' lang='lat' dir='ltr'>orationibus</span> <span class='ocrx_word' id='word_1_78' title='bbox 814 1229 882 1274; x_wconf 89' lang='lat' dir='ltr'>esse</span> <span class='ocrx_word' id='word_1_79' title='bbox 914 1208 1057 1275; x_wconf 83' lang='lat' dir='ltr'>dicebant</span> 
     </span>
     <span class='ocr_line' id='line_1_13' title="bbox 145 1297 1123 1384; baseline 0.005 -22"><span class='ocrx_word' id='word_1_80' title='bbox 145 1298 224 1363; x_wconf 85' lang='lat' dir='ltr'>siout</span> <span class='ocrx_word' id='word_1_81' title='bbox 245 1297 367 1384; x_wconf 79' lang='lat' dir='ltr'>AEgiptii</span> <span class='ocrx_word' id='word_1_82' title='bbox 392 1298 533 1364; x_wconf 87' lang='lat' dir='ltr'>dicebant</span> <span class='ocrx_word' id='word_1_83' title='bbox 567 1298 650 1384; x_wconf 92' lang='lat' dir='ltr'>quod</span> <span class='ocrx_word' id='word_1_84' title='bbox 686 1299 782 1363; x_wconf 84' lang='lat' dir='ltr'>iatum</span> <span class='ocrx_word' id='word_1_85' title='bbox 816 1297 1003 1364; x_wconf 91' lang='lat' dir='ltr'>orationibus</span> <span class='ocrx_word' id='word_1_86' title='bbox 1026 1311 1057 1362; x_wconf 91' lang='lat' dir='ltr'>et</span> <span class='ocrx_word' id='word_1_87' title='bbox 1121 1362 1123 1367; x_wconf 88' lang='lat'><em>.</em></span> 
     </span>
     <span class='ocr_line' id='line_1_14' title="bbox 143 1385 1056 1472; baseline -0.002 -21"><span class='ocrx_word' id='word_1_88' title='bbox 143 1386 328 1472; x_wconf 87' lang='lat' dir='ltr'>quibusdam</span> <span class='ocrx_word' id='word_1_89' title='bbox 352 1386 535 1472; x_wconf 82' lang='lat' dir='ltr'>imaginibus</span> <span class='ocrx_word' id='word_1_90' title='bbox 558 1391 621 1452; x_wconf 87' lang='lat' dir='ltr'>sive</span> <span class='ocrx_word' id='word_1_91' title='bbox 658 1385 969 1472; x_wconf 77' lang='lat' dir='ltr'>subfumigationibus</span> <span class='ocrx_word' id='word_1_92' title='bbox 992 1388 1056 1452; x_wconf 88' lang='lat' dir='ltr'>sive</span> 
     </span>
     <span class='ocr_line' id='line_1_15' title="bbox 145 1474 1057 1562; baseline 0 -22"><span class='ocrx_word' id='word_1_93' title='bbox 145 1474 402 1540; x_wconf 88' lang='lat' dir='ltr'>incantationibus</span> <span class='ocrx_word' id='word_1_94' title='bbox 425 1475 609 1554; x_wconf 89' lang='lat' dir='ltr'>vertebatur;</span> <span class='ocrx_word' id='word_1_95' title='bbox 631 1488 660 1540; x_wconf 89' lang='lat' dir='ltr'>et</span> <span class='ocrx_word' id='word_1_96' title='bbox 683 1475 720 1540; x_wconf 88' lang='lat' dir='ltr'>nd</span> <span class='ocrx_word' id='word_1_97' title='bbox 744 1476 827 1541; x_wconf 87' lang='lat' dir='ltr'>hune</span> <span class='ocrx_word' id='word_1_98' title='bbox 849 1495 972 1540; x_wconf 87' lang='lat' dir='ltr'>sensum</span> <span class='ocrx_word' id='word_1_99' title='bbox 986 1495 1057 1562; x_wconf 87' lang='lat' dir='ltr'>per·</span> 
     </span>
     <span class='ocr_line' id='line_1_16' title="bbox 144 1563 1057 1650; baseline 0.001 -21"><span class='ocrx_word' id='word_1_100' title='bbox 144 1565 243 1630; x_wconf 89' lang='lat' dir='ltr'>tinere</span> <span class='ocrx_word' id='word_1_101' title='bbox 265 1564 406 1630; x_wconf 86' lang='lat' dir='ltr'>videntur</span> <span class='ocrx_word' id='word_1_102' title='bbox 429 1564 580 1649; x_wconf 87' lang='lat' dir='ltr'>quaedam</span> <span class='ocrx_word' id='word_1_103' title='bbox 603 1584 682 1650; x_wconf 91' lang='lat' dir='ltr'>quae</span> <span class='ocrx_word' id='word_1_104' title='bbox 704 1565 735 1628; x_wconf 95' lang='lat' dir='ltr'>in</span> <span class='ocrx_word' id='word_1_105' title='bbox 757 1563 919 1649; x_wconf 83' lang='lat' dir='ltr'>Scripturis</span> <span class='ocrx_word' id='word_1_106' title='bbox 948 1564 1057 1630; x_wconf 85' lang='lat' dir='ltr'>divinis</span> 
     </span>
     <span class='ocr_line' id='line_1_17' title="bbox 146 1652 1125 1740; baseline 0 -22"><span class='ocrx_word' id='word_1_107' title='bbox 146 1653 300 1732; x_wconf 87' lang='lat' dir='ltr'>dieantur,</span> <span class='ocrx_word' id='word_1_108' title='bbox 322 1653 491 1718; x_wconf 84' lang='lat' dir='ltr'>seeundum</span> <span class='ocrx_word' id='word_1_109' title='bbox 511 1653 541 1718; x_wconf 93' lang='lat' dir='ltr'>id</span> <span class='ocrx_word' id='word_1_110' title='bbox 572 1653 654 1738; x_wconf 94' lang='lat' dir='ltr'>quod</span> <span class='ocrx_word' id='word_1_111' title='bbox 689 1653 787 1738; x_wconf 89' lang='lat' dir='ltr'>prima</span> <span class='ocrx_word' id='word_1_112' title='bbox 820 1652 897 1718; x_wconf 82' lang='lat' dir='ltr'>faeie</span> <span class='ocrx_word' id='word_1_113' title='bbox 931 1666 1058 1740; x_wconf 85' lang='lat' dir='ltr'>apparet</span> <span class='ocrx_word' id='word_1_114' title='bbox 1123 1653 1125 1662; x_wconf 88' lang='grc'><strong>’</strong></span> 
     </span>
     <span class='ocr_line' id='line_1_18' title="bbox 147 1739 1059 1827; baseline -0.003 -21"><span class='ocrx_word' id='word_1_115' title='bbox 147 1763 185 1806; x_wconf 86' lang='lat' dir='ltr'>ex</span> <span class='ocrx_word' id='word_1_116' title='bbox 215 1743 269 1818; x_wconf 73' lang='lat' dir='ltr'>eis3</span> <span class='ocrx_word' id='word_1_117' title='bbox 292 1741 506 1808; x_wconf 86' lang='lat' dir='ltr'>diciturenim</span> <span class='ocrx_word' id='word_1_118' title='bbox 531 1742 613 1827; x_wconf 89' lang='lat' dir='ltr'>quod</span> <span class='ocrx_word' id='word_1_119' title='bbox 637 1742 726 1808; x_wconf 86' lang='lat' dir='ltr'>isaias</span> <span class='ocrx_word' id='word_1_120' title='bbox 753 1761 791 1807; x_wconf 82' lang='lat' dir='ltr'>ex</span> <span class='ocrx_word' id='word_1_121' title='bbox 827 1739 973 1806; x_wconf 89' lang='lat' dir='ltr'>mandatu</span> <span class='ocrx_word' id='word_1_122' title='bbox 995 1742 1059 1807; x_wconf 77' lang='lat' dir='ltr'>Do.-</span> 
     </span>
     <span class='ocr_line' id='line_1_19' title="bbox 148 1829 1060 1916; baseline -0.001 -21"><span class='ocrx_word' id='word_1_123' title='bbox 148 1831 223 1896; x_wconf 88' lang='lat' dir='ltr'>mini</span> <span class='ocrx_word' id='word_1_124' title='bbox 247 1829 319 1896; x_wconf 84' lang='lat' dir='ltr'>dicit</span> <span class='ocrx_word' id='word_1_125' title='bbox 349 1831 494 1896; x_wconf 86' lang='lat' dir='ltr'>Ezechiae</span> <span class='ocrx_word' id='word_1_126' title='bbox 517 1831 600 1916; x_wconf 79' lang='lat' dir='ltr'>Regi:</span> <span class='ocrx_word' id='word_1_127' title='bbox 624 1831 709 1896; x_wconf 86' lang='lat' dir='ltr'>Haeo</span> <span class='ocrx_word' id='word_1_128' title='bbox 730 1831 805 1896; x_wconf 82' lang='lat' dir='ltr'>dicit</span> <span class='ocrx_word' id='word_1_129' title='bbox 826 1831 985 1895; x_wconf 84' lang='lat' dir='ltr'>Dominus:</span> <span class='ocrx_word' id='word_1_130' title='bbox 1003 1831 1060 1895; x_wconf 90' lang='lat' dir='ltr'>Di·</span> 
     </span>
     <span class='ocr_line' id='line_1_20' title="bbox 148 1919 1059 2004; baseline 0 -20"><span class='ocrx_word' id='word_1_131' title='bbox 148 1940 242 2003; x_wconf 85' lang='lat' dir='ltr'>spone</span> <span class='ocrx_word' id='word_1_132' title='bbox 263 1919 368 1985; x_wconf 85' lang='lat' dir='ltr'>domni</span> <span class='ocrx_word' id='word_1_133' title='bbox 391 1931 471 1998; x_wconf 86' lang='lat' dir='ltr'>tuae,</span> <span class='ocrx_word' id='word_1_134' title='bbox 493 1921 566 2004; x_wconf 88' lang='lat' dir='ltr'>quia</span> <span class='ocrx_word' id='word_1_135' title='bbox 588 1919 729 1984; x_wconf 86' lang='lat' dir='ltr'>morieris</span> <span class='ocrx_word' id='word_1_136' title='bbox 752 1930 794 1999; x_wconf 86' lang='lat' dir='ltr'>tn,</span> <span class='ocrx_word' id='word_1_137' title='bbox 818 1931 847 1986; x_wconf 90' lang='lat' dir='ltr'>et</span> <span class='ocrx_word' id='word_1_138' title='bbox 868 1938 928 1984; x_wconf 90' lang='lat' dir='ltr'>non</span> <span class='ocrx_word' id='word_1_139' title='bbox 964 1920 1059 1996; x_wconf 82' lang='lat' dir='ltr'>uiues,-</span> 
     </span>
     <span class='ocr_line' id='line_1_21' title="bbox 148 2007 1060 2094; baseline 0.003 -22"><span class='ocrx_word' id='word_1_140' title='bbox 148 2021 270 2094; x_wconf 87' lang='lat' dir='ltr'>etpost</span> <span class='ocrx_word' id='word_1_141' title='bbox 303 2009 471 2074; x_wconf 89' lang='lat' dir='ltr'>orationem</span> <span class='ocrx_word' id='word_1_142' title='bbox 512 2009 667 2082; x_wconf 82' lang='lat' dir='ltr'>Ezechiae,</span> <span class='ocrx_word' id='word_1_143' title='bbox 701 2007 816 2091; x_wconf 73' lang='lat' dir='ltr'>[aotam</span> <span class='ocrx_word' id='word_1_144' title='bbox 855 2020 899 2072; x_wconf 90' lang='lat' dir='ltr'>est</span> <span class='ocrx_word' id='word_1_145' title='bbox 933 2008 1060 2074; x_wconf 85' lang='lat' dir='ltr'>verbum</span> 
     </span>
     <span class='ocr_line' id='line_1_22' title="bbox 149 2096 1062 2177; baseline 0.003 -16"><span class='ocrx_word' id='word_1_146' title='bbox 149 2097 274 2161; x_wconf 84' lang='lat' dir='ltr'>Domini</span> <span class='ocrx_word' id='word_1_147' title='bbox 287 2098 471 2177; x_wconf 68' lang='lat' dir='ltr'>auleatum,</span> <span class='ocrx_word' id='word_1_148' title='bbox 492 2097 609 2162; x_wconf 77' lang='lat' dir='ltr'>dicens.-</span> <span class='ocrx_word' id='word_1_149' title='bbox 630 2097 723 2174; x_wconf 85' lang='lat' dir='ltr'>Vade,</span> <span class='ocrx_word' id='word_1_150' title='bbox 746 2110 776 2163; x_wconf 89' lang='lat' dir='ltr'>et</span> <span class='ocrx_word' id='word_1_151' title='bbox 797 2099 848 2163; x_wconf 86' lang='lat' dir='ltr'>dio</span> <span class='ocrx_word' id='word_1_152' title='bbox 869 2096 1062 2164; x_wconf 78' lang='lat' dir='ltr'>Ezechiae...</span> 
     </span>
     <span class='ocr_line' id='line_1_23' title="bbox 150 2186 1063 2270; baseline 0 -18"><span class='ocrx_word' id='word_1_153' title='bbox 150 2186 263 2252; x_wconf 82' lang='lat' dir='ltr'>Audim&#39;</span> <span class='ocrx_word' id='word_1_154' title='bbox 291 2188 460 2251; x_wconf 85' lang='lat' dir='ltr'>orationem</span> <span class='ocrx_word' id='word_1_155' title='bbox 485 2198 600 2252; x_wconf 83' lang='lat' dir='ltr'>tnarn...</span> <span class='ocrx_word' id='word_1_156' title='bbox 625 2206 690 2250; x_wconf 84' lang='lat' dir='ltr'>eece</span> <span class='ocrx_word' id='word_1_157' title='bbox 713 2207 766 2270; x_wconf 79' lang='lat' dir='ltr'>eqo</span> <span class='ocrx_word' id='word_1_158' title='bbox 789 2187 939 2270; x_wconf 80' lang='lat' dir='ltr'>adjiciam</span> <span class='ocrx_word' id='word_1_159' title='bbox 969 2206 1063 2268; x_wconf 82' lang='lat' dir='ltr'>super</span> 
     </span>
     <span class='ocr_line' id='line_1_24' title="bbox 151 2273 1064 2359; baseline 0.002 -20"><span class='ocrx_word' id='word_1_160' title='bbox 151 2275 217 2340; x_wconf 86' lang='lat' dir='ltr'>dies</span> <span class='ocrx_word' id='word_1_161' title='bbox 235 2285 301 2340; x_wconf 86' lang='lat' dir='ltr'>tuos</span> <span class='ocrx_word' id='word_1_162' title='bbox 316 2276 606 2359; x_wconf 66' lang='lat' dir='ltr'>quindecennas,</span> <span class='ocrx_word' id='word_1_163' title='bbox 619 2274 697 2346; x_wconf 79' lang='lat' dir='ltr'>lsai..</span> <span class='ocrx_word' id='word_1_164' title='bbox 710 2275 762 2353; x_wconf 81' lang='lat'>58,</span> <span class='ocrx_word' id='word_1_165' title='bbox 777 2276 843 2352; x_wconf 82' lang='lat' dir='ltr'>t-tt;</span> <span class='ocrx_word' id='word_1_166' title='bbox 859 2286 890 2338; x_wconf 89' lang='lat' dir='ltr'>et</span> <span class='ocrx_word' id='word_1_167' title='bbox 902 2273 1012 2340; x_wconf 82' lang='lat' dir='ltr'>dieitur</span> <span class='ocrx_word' id='word_1_168' title='bbox 1027 2296 1064 2342; x_wconf 84' lang='lat' dir='ltr'>ex</span> 
     </span>
     <span class='ocr_line' id='line_1_25' title="bbox 152 2363 1066 2450; baseline -0.001 -21"><span class='ocrx_word' id='word_1_169' title='bbox 152 2383 282 2450; x_wconf 86' lang='lat' dir='ltr'>persona</span> <span class='ocrx_word' id='word_1_170' title='bbox 306 2363 439 2438; x_wconf 79' lang='lat' dir='ltr'>Domini:</span> <span class='ocrx_word' id='word_1_171' title='bbox 464 2363 596 2448; x_wconf 77' lang='lat' dir='ltr'>Repente</span> <span class='ocrx_word' id='word_1_172' title='bbox 612 2364 1066 2448; x_wconf 73' lang='lat' dir='ltr'>loquoraduersumqentemet</span> 
     </span>
     <span class='ocr_line' id='line_1_26' title="bbox 153 2452 1069 2537; baseline 0 -19"><span class='ocrx_word' id='word_1_173' title='bbox 153 2453 304 2518; x_wconf 85' lang='lat' dir='ltr'>aduersus</span> <span class='ocrx_word' id='word_1_174' title='bbox 329 2473 466 2537; x_wconf 69' lang='lat' dir='ltr'>reanum,</span> <span class='ocrx_word' id='word_1_175' title='bbox 489 2465 522 2516; x_wconf 88' lang='lat' dir='ltr'>nt</span> <span class='ocrx_word' id='word_1_176' title='bbox 545 2452 698 2516; x_wconf 81' lang='lat' dir='ltr'>eradicem</span> <span class='ocrx_word' id='word_1_177' title='bbox 721 2463 750 2516; x_wconf 88' lang='lat' dir='ltr'>et</span> <span class='ocrx_word' id='word_1_178' title='bbox 772 2453 931 2518; x_wconf 81' lang='lat' dir='ltr'>destruam</span> <span class='ocrx_word' id='word_1_179' title='bbox 953 2464 982 2518; x_wconf 89' lang='lat' dir='ltr'>et</span> <span class='ocrx_word' id='word_1_180' title='bbox 1004 2453 1069 2518; x_wconf 87' lang='lat' dir='ltr'>die·</span> 
     </span>
     <span class='ocr_line' id='line_1_27' title="bbox 149 2541 1067 2626; baseline 0.001 -19"><span class='ocrx_word' id='word_1_181' title='bbox 149 2542 284 2626; x_wconf 81' lang='lat' dir='ltr'>perdam</span> <span class='ocrx_word' id='word_1_182' title='bbox 319 2542 409 2606; x_wconf 87' lang='lat' dir='ltr'>illud.</span> <span class='ocrx_word' id='word_1_183' title='bbox 436 2541 469 2606; x_wconf 87' lang='lat' dir='ltr'>Si</span> <span class='ocrx_word' id='word_1_184' title='bbox 491 2541 709 2626; x_wconf 71' lang='lat' dir='ltr'>postulantium</span> <span class='ocrx_word' id='word_1_185' title='bbox 732 2543 827 2625; x_wconf 84' lang='lat' dir='ltr'>eqerit</span> <span class='ocrx_word' id='word_1_186' title='bbox 854 2561 926 2626; x_wconf 82' lang='lat' dir='ltr'>qens</span> <span class='ocrx_word' id='word_1_187' title='bbox 962 2543 1022 2606; x_wconf 90' lang='lat' dir='ltr'>illa</span> <span class='ocrx_word' id='word_1_188' title='bbox 1045 2563 1067 2608; x_wconf 92' lang='lat' dir='ltr'>a</span> 
     </span>
     <span class='ocr_line' id='line_1_28' title="bbox 150 2628 1068 2716; baseline -0.002 -20"><span class='ocrx_word' id='word_1_189' title='bbox 150 2632 235 2696; x_wconf 89' lang='lat' dir='ltr'>malo</span> <span class='ocrx_word' id='word_1_190' title='bbox 258 2650 327 2709; x_wconf 86' lang='lat' dir='ltr'>suo,</span> <span class='ocrx_word' id='word_1_191' title='bbox 349 2631 431 2716; x_wconf 83' lang='lat' dir='ltr'>quod</span> <span class='ocrx_word' id='word_1_192' title='bbox 454 2633 571 2696; x_wconf 82' lang='lat' dir='ltr'>locatas</span> <span class='ocrx_word' id='word_1_193' title='bbox 595 2650 663 2696; x_wconf 88' lang='lat' dir='ltr'>sttm</span> <span class='ocrx_word' id='word_1_194' title='bbox 685 2628 850 2695; x_wconf 76' lang='lat' dir='ltr'>advmsnm</span> <span class='ocrx_word' id='word_1_195' title='bbox 874 2649 953 2710; x_wconf 78' lang='lat' dir='ltr'>eam3</span> <span class='ocrx_word' id='word_1_196' title='bbox 975 2651 1068 2716; x_wconf 84' lang='lat' dir='ltr'>aqam</span> 
     </span>
     <span class='ocr_line' id='line_1_29' title="bbox 152 2719 1069 2804; baseline 0.001 -20"><span class='ocrx_word' id='word_1_197' title='bbox 152 2732 183 2784; x_wconf 91' lang='lat' dir='ltr'>et</span> <span class='ocrx_word' id='word_1_198' title='bbox 205 2740 258 2803; x_wconf 78' lang='lat' dir='ltr'>equ</span> <span class='ocrx_word' id='word_1_199' title='bbox 279 2721 497 2803; x_wconf 83' lang='lat' dir='ltr'>poenitentiam</span> <span class='ocrx_word' id='word_1_200' title='bbox 519 2738 611 2803; x_wconf 79' lang='lat' dir='ltr'>super</span> <span class='ocrx_word' id='word_1_201' title='bbox 643 2719 727 2782; x_wconf 90' lang='lat' dir='ltr'>malo</span> <span class='ocrx_word' id='word_1_202' title='bbox 764 2719 846 2803; x_wconf 85' lang='lat' dir='ltr'>qnod</span> <span class='ocrx_word' id='word_1_203' title='bbox 882 2721 1012 2804; x_wconf 72' lang='lat' dir='ltr'>aoqitani</span> <span class='ocrx_word' id='word_1_204' title='bbox 1034 2731 1069 2785; x_wconf 84' lang='lat' dir='ltr'>nt</span> 
     </span>
     <span class='ocr_line' id='line_1_30' title="bbox 151 2805 1067 2893; baseline 0 -19"><span class='ocrx_word' id='word_1_205' title='bbox 151 2810 286 2893; x_wconf 80' lang='lat' dir='ltr'>[acerem</span> <span class='ocrx_word' id='word_1_206' title='bbox 308 2810 479 2884; x_wconf 58' lang='lat' dir='ltr'>riderem,</span> <span class='ocrx_word' id='word_1_207' title='bbox 505 2809 555 2885; x_wconf 76' lang='lat' dir='ltr'>tr,</span> <span class='ocrx_word' id='word_1_208' title='bbox 578 2805 612 2884; x_wconf 77' lang='lat'>73</span> <span class='ocrx_word' id='word_1_209' title='bbox 635 2820 674 2872; x_wconf 89' lang='lat' dir='ltr'>et:</span> <span class='ocrx_word' id='word_1_210' title='bbox 701 2807 918 2873; x_wconf 85' lang='lat' dir='ltr'>Con-vertimini</span> <span class='ocrx_word' id='word_1_211' title='bbox 941 2808 984 2872; x_wconf 85' lang='lat' dir='ltr'>atl</span> <span class='ocrx_word' id='word_1_212' title='bbox 1007 2809 1067 2874; x_wconf 91' lang='lat' dir='ltr'>Do-</span> 
     </span>
     <span class='ocr_line' id='line_1_31' title="bbox 151 2895 1069 2981; baseline 0.001 -20"><span class='ocrx_word' id='word_1_213' title='bbox 151 2899 271 2962; x_wconf 86' lang='lat' dir='ltr'>minam</span> <span class='ocrx_word' id='word_1_214' title='bbox 294 2899 392 2962; x_wconf 87' lang='lat' dir='ltr'>Deum</span> <span class='ocrx_word' id='word_1_215' title='bbox 413 2909 557 2974; x_wconf 86' lang='lat' dir='ltr'>uestram,</span> <span class='ocrx_word' id='word_1_216' title='bbox 578 2897 652 2980; x_wconf 85' lang='lat' dir='ltr'>quia</span> <span class='ocrx_word' id='word_1_217' title='bbox 675 2895 830 2981; x_wconf 79' lang='lat' dir='ltr'>leniqnitts</span> <span class='ocrx_word' id='word_1_218' title='bbox 854 2907 882 2959; x_wconf 88' lang='lat' dir='ltr'>et</span> <span class='ocrx_word' id='word_1_219' title='bbox 895 2897 1069 2962; x_wconf 80' lang='lat' dir='ltr'>misericors</span> 
     </span>
     <span class='ocr_line' id='line_1_32' title="bbox 152 2984 1069 3070; baseline -0.001 -19"><span class='ocrx_word' id='word_1_220' title='bbox 152 2997 241 3051; x_wconf 89' lang='lat' dir='ltr'>est....</span> <span class='ocrx_word' id='word_1_221' title='bbox 265 2997 295 3050; x_wconf 91' lang='lat' dir='ltr'>et</span> <span class='ocrx_word' id='word_1_222' title='bbox 314 2985 513 3070; x_wconf 86' lang='lat' dir='ltr'>praestabilis</span> <span class='ocrx_word' id='word_1_223' title='bbox 535 3005 628 3070; x_wconf 71' lang='lat' dir='ltr'>saner</span> <span class='ocrx_word' id='word_1_224' title='bbox 650 2985 812 3049; x_wconf 88' lang='lat' dir='ltr'>malitiam.</span> <span class='ocrx_word' id='word_1_225' title='bbox 852 2984 927 3063; x_wconf 85' lang='lat' dir='ltr'>Quis</span> <span class='ocrx_word' id='word_1_226' title='bbox 959 2987 1018 3050; x_wconf 87' lang='lat' dir='ltr'>seit</span> <span class='ocrx_word' id='word_1_227' title='bbox 1041 2989 1069 3051; x_wconf 87' lang='lat' dir='ltr'>si</span> 
     </span>
     <span class='ocr_line' id='line_1_33' title="bbox 153 3073 1069 3158; baseline 0.001 -20"><span class='ocrx_word' id='word_1_228' title='bbox 153 3086 349 3140; x_wconf 83' lang='lat' dir='ltr'>convertatur</span> <span class='ocrx_word' id='word_1_229' title='bbox 370 3087 400 3140; x_wconf 87' lang='lat' dir='ltr'>el</span> <span class='ocrx_word' id='word_1_230' title='bbox 417 3075 555 3158; x_wconf 73' lang='lat' dir='ltr'>iqaosaat</span> <span class='ocrx_word' id='word_1_231' title='bbox 578 3073 677 3138; x_wconf 80' lang='lat' dir='ltr'>Dens?</span> <span class='ocrx_word' id='word_1_232' title='bbox 698 3073 786 3148; x_wconf 78' lang='lat' dir='ltr'>laet,</span> <span class='ocrx_word' id='word_1_233' title='bbox 808 3073 838 3149; x_wconf 68' lang='lat' dir='ltr'>D,</span> <span class='ocrx_word' id='word_1_234' title='bbox 864 3073 975 3138; x_wconf 73' lang='grc'><strong>15-14.</strong></span> <span class='ocrx_word' id='word_1_235' title='bbox 988 3075 1069 3140; x_wconf 85' lang='lat' dir='ltr'>Haeo</span> 
     </span>
     <span class='ocr_line' id='line_1_34' title="bbox 153 3161 1071 3250; baseline 0 -23"><span class='ocrx_word' id='word_1_236' title='bbox 153 3164 316 3239; x_wconf 73' lang='lat' dir='ltr'>automni</span> <span class='ocrx_word' id='word_1_237' title='bbox 350 3163 518 3228; x_wconf 85' lang='lat' dir='ltr'>secuudum</span> <span class='ocrx_word' id='word_1_238' title='bbox 557 3161 750 3250; x_wconf 83' lang='lat' dir='ltr'>superficiem</span> <span class='ocrx_word' id='word_1_239' title='bbox 789 3161 1006 3248; x_wconf 78' lang='lat' dir='ltr'>intelligantur,</span> <span class='ocrx_word' id='word_1_240' title='bbox 1030 3163 1071 3227; x_wconf 89' lang='lat' dir='ltr'>ad</span> 
     </span>
     <span class='ocr_line' id='line_1_35' title="bbox 155 3250 522 3317; baseline 0 -1"><span class='ocrx_word' id='word_1_241' title='bbox 155 3253 375 3317; x_wconf 83' lang='lat' dir='ltr'>inconveniens</span> <span class='ocrx_word' id='word_1_242' title='bbox 398 3250 522 3316; x_wconf 87' lang='lat' dir='ltr'>dueunt.</span> 
     </span>
     <span class='ocr_line' id='line_1_36' title="bbox 159 3337 1070 3424; baseline 0 -20"><span class='ocrx_word' id='word_1_243' title='bbox 159 3415 162 3422; x_wconf 24' lang='lat'><strong><em>¹</em></strong></span> <span class='ocrx_word' id='word_1_244' title='bbox 222 3338 366 3424; x_wconf 83' lang='lat' dir='ltr'>Sequitur</span> <span class='ocrx_word' id='word_1_245' title='bbox 388 3341 470 3404; x_wconf 89' lang='lat' dir='ltr'>enim</span> <span class='ocrx_word' id='word_1_246' title='bbox 508 3339 607 3424; x_wconf 85' lang='lat' dir='ltr'>primo</span> <span class='ocrx_word' id='word_1_247' title='bbox 641 3337 723 3424; x_wconf 92' lang='lat' dir='ltr'>quod</span> <span class='ocrx_word' id='word_1_248' title='bbox 761 3337 900 3404; x_wconf 85' lang='lat' dir='ltr'>voluntas</span> <span class='ocrx_word' id='word_1_249' title='bbox 939 3337 994 3403; x_wconf 91' lang='lat' dir='ltr'>Dei</span> <span class='ocrx_word' id='word_1_250' title='bbox 1031 3338 1070 3404; x_wconf 92' lang='lat' dir='ltr'>sit</span> 
     </span>
     <span class='ocr_line' id='line_1_37' title="bbox 155 3426 1069 3515; baseline 0.002 -23"><span class='ocrx_word' id='word_1_251' title='bbox 155 3429 324 3506; x_wconf 65' lang='lat' dir='ltr'>mutabilia</span> <span class='ocrx_word' id='word_1_252' title='bbox 347 3428 430 3505; x_wconf 89' lang='lat' dir='ltr'>item,</span> <span class='ocrx_word' id='word_1_253' title='bbox 452 3427 536 3515; x_wconf 92' lang='lat' dir='ltr'>quod</span> <span class='ocrx_word' id='word_1_254' title='bbox 558 3428 671 3514; x_wconf 89' lang='lat' dir='ltr'>aliquid</span> <span class='ocrx_word' id='word_1_255' title='bbox 705 3446 741 3492; x_wconf 80' lang='lat' dir='ltr'>er</span> <span class='ocrx_word' id='word_1_256' title='bbox 765 3440 904 3514; x_wconf 84' lang='lat' dir='ltr'>tempore</span> <span class='ocrx_word' id='word_1_257' title='bbox 926 3426 993 3492; x_wconf 90' lang='lat' dir='ltr'>Deo</span> <span class='ocrx_word' id='word_1_258' title='bbox 1016 3427 1069 3494; x_wconf 91' lang='lat' dir='ltr'>ad·</span> 
     </span>
     <span class='ocr_line' id='line_1_38' title="bbox 157 3515 1154 3606; baseline 0.002 -24"><span class='ocrx_word' id='word_1_259' title='bbox 157 3517 270 3596; x_wconf 72' lang='lat' dir='ltr'>venian</span> <span class='ocrx_word' id='word_1_260' title='bbox 293 3531 323 3584; x_wconf 90' lang='lat' dir='ltr'>et</span> <span class='ocrx_word' id='word_1_261' title='bbox 347 3516 481 3596; x_wconf 88' lang='lat' dir='ltr'>ulterius,</span> <span class='ocrx_word' id='word_1_262' title='bbox 504 3516 587 3606; x_wconf 94' lang='lat' dir='ltr'>quod</span> <span class='ocrx_word' id='word_1_263' title='bbox 616 3516 716 3603; x_wconf 87' lang='lat' dir='ltr'>aliqua</span> <span class='ocrx_word' id='word_1_264' title='bbox 748 3535 827 3602; x_wconf 84' lang='lat' dir='ltr'>quae</span> <span class='ocrx_word' id='word_1_265' title='bbox 861 3515 1069 3604; x_wconf 86' lang='lat' dir='ltr'>temporaliter</span> <span class='ocrx_word' id='word_1_266' title='bbox 1152 3547 1154 3554; x_wconf 87' lang='lat'><em>·</em></span> 
     </span>
    </p>
   </div>
   <div class='ocr_carea' id='block_1_2' title="bbox 0 0 1287 3972">
    <p class='ocr_par' dir='ltr' id='par_1_2' title="bbox 0 0 1287 3972">
     <span class='ocr_line' id='line_1_39' title="bbox 0 0 1287 3972; baseline 0 0"><span class='ocrx_word' id='word_1_267' title='bbox 0 0 1287 3972; x_wconf 95' lang='lat' dir='ltr'> </span> 
     </span>
    </p>
   </div>
  </div>
 </body>
</html>
