2494 3970
209 208 252 273 ol
555 225 611 269 ιιι.
636 226 677 270 ιιι.
702 224 766 270 car.
789 227 819 271 ιι.

207 297 272 362 rale
296 301 466 381 peccatum,
488 293 621 358 casualia
645 294 730 360 enim
753 306 825 360 sunt
862 293 1132 381 impraemeditata

208 400 238 450 et
262 396 346 448 extra
371 381 532 447 rationem.
555 381 607 448 Est
629 382 722 469 igitur
756 379 946 450 voluntarius
979 383 1044 470 (l),
1067 404 1134 450 non

208 489 312 540 tamen
336 482 497 558 peceatum
519 471 648 552 morale,
672 492 712 538 ue
735 493 887 558 cogamus
920 473 953 538 in
976 473 1134 538 inlinitum

207 560 386 650 procedere.

280 647 371 732 Quod
388 647 515 733 quidem
529 648 660 734 qualiter
676 667 744 716 csse
763 651 859 737 possit
873 650 1136 718 considerandum

211 754 266 806 est.
299 736 471 824 Cujuslrbet
504 737 658 823 siquidem
680 739 769 805 activi
807 739 950 827 principii
987 738 1137 826 perfectio
1235 795 1236 810 .

211 829 331 898 uirtutis
354 847 392 892 ex
415 828 571 926 superiori
595 828 693 893 activo
733 827 899 916 dependet,
922 841 1017 914 agens
1050 829 1136 892 enim
1235 871 1236 882 ι

211 917 383 984 secundum
407 928 468 998 agn
491 935 546 1001 per
577 917 722 982 virtutem
762 917 854 1004 primi
888 919 1015 1002 agentis.
1054 916 1136 983 Cum
1235 909 1236 922 ³

210 1009 303 1092 igitur
326 1003 497 1070 secundum
531 1024 627 1088 agens
661 1019 766 1070 manet
803 1006 862 1072 sub
899 1006 1009 1072 ordine
1043 1005 1135 1093 primi

211 1095 340 1181 agentis,
363 1090 575 1158 indeficienter
598 1094 670 1180 agie
694 1093 798 1160 delicit
818 1108 921 1160 autam
947 1096 979 1160 in
1002 1094 1139 1179 agendo,

211 1187 235 1250 si
259 1183 415 1265 contingat
438 1179 539 1267 ipsum
552 1183 592 1248 ab
608 1183 716 1248 ordine
739 1184 830 1270 primi
854 1185 972 1268 agentis
996 1182 1134 1260 deflecti,

212 1275 290 1338 sicut
313 1284 396 1359 patet
418 1275 450 1336 in
473 1271 691 1348 instrumento,
715 1293 787 1338 eum
807 1272 910 1340 deficit
950 1294 967 1339 a
991 1286 1078 1338 motu
1102 1293 1137 1336 a·

213 1363 322 1446 gentis.
346 1360 469 1425 Dictum
493 1375 539 1427 est
562 1374 666 1426 autem
691 1362 786 1448 quod,
805 1363 837 1426 in
853 1361 963 1428 ordine
979 1363 1138 1428 actionum

212 1450 393 1528 moralium,
426 1448 489 1516 duo
525 1451 675 1538 principia
713 1451 902 1517 voluntatem
939 1449 1142 1539 praecedunt,

213 1541 327 1608 seilicet
349 1540 394 1626 vis
410 1540 639 1625 ‘apprehensiva
663 1553 694 1606 et
716 1539 872 1626 objectum
895 1541 1144 1628 apprehensum,'

214 1633 298 1715 quod
322 1627 464 1694 estliois.
488 1625 566 1694 Cum
605 1641 708 1694 autem
748 1630 914 1716 unicuique
949 1629 1056 1696 mobili
1090 1648 1139 1693 re-

214 1718 366 1804 spondeat
402 1718 562 1804 proprium
599 1719 781 1798 motivum,
820 1739 883 1786 non
917 1717 1073 1803 quaelibet
1093 1718 1141 1782 vis

215 1805 439 1893 apprehensiva
474 1819 522 1870 est
547 1805 687 1872 debitum
711 1809 861 1874 motivum
885 1806 1050 1892 cujuslibet
1084 1825 1142 1894 ap-

215 1897 339 1982 petitus,
363 1893 418 1960 sed
441 1893 534 1978 hujus
565 1896 643 1962 haee
666 1908 697 1962 et
719 1896 801 1964 illius
824 1896 892 1962 alia.
927 1897 1012 1964 Siout
1045 1895 1139 1980 igitur

217 1984 371 2070 appetitus
395 1983 530 2050 sensitivi
554 1985 713 2071 proprium
750 1985 900 2052 motivum
936 1997 981 2052 est
1004 1984 1050 2053 ria
1084 2004 1140 2072 ap·

217 2072 403 2159 prehensiva
426 2073 589 2154 sensualis,
612 2076 654 2140 ita
693 2073 857 2142 voluntatis
890 2074 1051 2163 proprium
1073 2092 1141 2140 mo·

219 2163 316 2227 tivum
339 2174 385 2226 est
408 2160 485 2226 ratio
508 2160 584 2248 ipsa.

179 2325 184 2336 ,
271 2249 414 2329 'Rursus
437 2251 516 2317 Cum
540 2250 618 2320 ratio
641 2251 738 2318 multa
768 2252 851 2318 bona
874 2264 905 2318 et
927 2253 1040 2319 multos
1063 2249 1143 2316 fines

219 2334 453 2426 apprehendere
477 2341 584 2426 possit,
609 2339 773 2426 cujuslibet
803 2354 908 2408 autem
938 2342 977 2408 sit
999 2341 1144 2430 proprius

217 2429 298 2506 linis,
321 2441 351 2494 et
374 2428 538 2495 voluntatis
561 2429 619 2494 erit
643 2429 800 2515 objectum
823 2445 854 2498 et
870 2429 940 2496 finis
956 2443 986 2496 et
1002 2432 1139 2518 primum

218 2517 382 2595 motivum,
404 2537 467 2582 non
490 2517 608 2586 bonum
632 2519 802 2605 quodlibet,
824 2520 880 2602 aed
902 2519 1021 2586 bonum
1044 2516 1147 2606 quod-¹

169 2629 180 2652 v
218 2605 554 2674 dumdeterminatum
578 2607 640 2694 (ι).
665 2605 743 2672 Cum
767 2609 859 2692 igitur
882 2609 1022 2674 voluntas
1044 2605 1143 2672 tendit

217 2697 250 2759 in
275 2707 390 2775 aetum,
412 2708 496 2760 mota
519 2696 558 2762 ab
592 2696 840 2784 apprehensione
862 2697 989 2764 rationis
1016 2715 1140 2783 reprae-

218 2785 365 2850 sentantis
389 2783 446 2851 sibi
463 2786 624 2871 proprium
641 2785 770 2861 bonum,
785 2787 924 2873 sequitur
935 2785 1037 2852 debito
1053 2785 1142 2850 actio.

219 2870 296 2938 Cum
316 2887 424 2938 autem
448 2872 588 2940 voluntas
611 2875 642 2940 in
677 2873 798 2940 actione
821 2876 994 2962 prorumpit
1028 2874 1067 2940 ad
1090 2893 1144 2960 ap·

218 2963 456 3048 propensionem
480 2963 532 3050 (5)
555 2962 798 3050 apprehensivae
820 2963 970 3032 sensualis
993 2962 1144 3050 vettpsius

272 3097 312 3170 (ll
335 3101 515 3165 Voluntariuc,
534 3102 627 3172 supple
645 3102 770 3172 desectus.

271 3169 310 3238 (l)
329 3171 426 3226 Sensus
450 3189 465 3225 e
494 3174 579 3241 logico
610 3175 701 3226 ordine
731 3173 873 3228 verborum
904 3173 941 3227 sic
968 3173 1148 3242 depromitur:

222 3261 237 3293 u
255 3241 321 3294 (lum
339 3245 409 3296 ratio
426 3245 509 3313 possit
527 3245 723 3314 apprehendere
741 3247 824 3299 multa
835 3252 863 3298 et
876 3245 945 3298 hona
963 3245 1059 3297 multos
1071 3243 1146 3311 fines,

222 3329 282 3366 cum
300 3319 389 3366 autem
407 3313 467 3368 linis
484 3315 626 3384 cujuslibet
643 3318 679 3370 sit
695 3317 828 3386 proprius,
839 3332 894 3370 non
904 3317 1002 3369 bonum
1012 3315 1148 3386 quodlibet
1235 3329 1236 3332 ’

219 3385 265 3438 sed
283 3383 382 3437 bonurn
400 3387 532 3456 quoddom
551 3387 755 3440 determinatum
774 3389 825 3442 erit
842 3394 874 3442 ct
891 3387 1024 3457 objectum
1043 3393 1070 3439 et
1088 3385 1147 3442 linis

219 3465 246 3508 et
263 3457 379 3525 primum
397 3459 525 3510 motivum
543 3459 686 3512 voluntatis
703 3477 729 3510 o.

272 3526 311 3596 (ὅ)
329 3526 481 3596 procopia
502 3529 538 3581 nd
559 3531 827 3599 apprehensionem...
841 3531 859 3584 i.
876 3545 901 3584 c.
917 3535 1010 3600 sponte
1021 3528 1148 3586 mittun·

221 3599 337 3667 bJectum
350 3615 398 3670 per
407 3599 935 3672 apprehensivamlvirtutem)sctuuelem
946 3599 1147 3674 apprehensum.
