2494 3970
209 238 229 301 6
531 233 602 303 ιιι.
628 237 669 302 iu.
694 258 757 303 aar.
784 261 803 304 t.
1024 303 1027 310 ,

212 326 423 412 superioribus
446 325 491 414 (l.
528 328 560 406 2,
582 348 608 393 o.
647 327 715 414 95)
740 341 786 394 est
808 325 1014 393 manilestum.
1048 323 1137 394 Unde

208 435 403 502 consequens
441 429 487 482 est
521 430 555 482 ut
588 416 740 482 laetorum
765 437 892 483 suorum
916 415 1133 491 sitdominus:

208 525 280 569 nam
305 524 399 591 super
422 525 459 572 ea
493 525 573 592 quaa
611 518 745 588 nostrae
775 504 923 572 voluntati
958 505 1135 572 subduntur

209 593 418 660 dominamur.
443 594 507 660 lloc
530 607 634 660 autem
658 594 831 662 dominium
855 614 949 682 super
971 615 1020 660 res
1044 615 1061 661 a
1099 616 1133 660 se

209 681 374 768 productas
413 682 583 770 perlectum
619 683 736 762 habet,
773 697 880 770 utpote
918 683 970 770 qui
1005 683 1044 748 ad
1079 703 1133 749 eas

185 799 187 808 a
208 770 423 856 producendas
446 793 508 838 non
533 773 691 839 exterioris
714 773 833 859 agentis
857 771 1045 838 adminiculo
1084 772 1131 836 in-

209 860 292 944 diget
315 881 372 925 nec
396 862 544 927 materiae
561 860 777 938 fundamento,
800 882 871 927 eum
887 861 925 926 sit
947 861 1040 926 totius
1063 877 1132 926 esse

210 949 389 1014 universalis
412 950 547 1016 effector.
571 951 686 1038 Eorum
709 965 813 1018 autem
836 971 917 1036 quae
939 969 995 1036 per
1022 949 1130 1015 voluu-

210 1051 303 1102 totem
326 1037 539 1124 producuntur
561 1040 680 1124 agentis
707 1038 953 1126 unumquodque
964 1037 1004 1104 ab
1016 1050 1127 1124 agente

210 1127 241 1190 in
265 1125 359 1192 finem
384 1127 519 1214 aliquem
543 1129 712 1206 ordinatum
736 1128 853 1194 bonum
878 1129 961 1192 enim
988 1139 1019 1191 et
1056 1127 1125 1194 finis
1205 1135 1210 1146 '

208 1228 254 1279 est
275 1214 430 1300 objectum
456 1217 614 1302 proprium
638 1217 812 1293 voluntatis;
836 1217 920 1282 unde
943 1235 1068 1282 necesse
1080 1231 1126 1282 est

209 1319 344 1390 atquae
367 1325 405 1371 ex
428 1306 583 1371 voluntate
607 1306 778 1392 procedunt
800 1305 839 1372 ad
862 1305 967 1372 linem·
992 1305 1127 1391 aliquem

208 1392 402 1459 ordinentur.
427 1395 538 1460 Finem
564 1408 667 1460 autem
692 1395 834 1461 ultimum
860 1414 1064 1480 unaquaeque
1080 1413 1129 1458 res

204 1503 260 1568 per
276 1503 364 1548 suam
378 1485 579 1570 consequitur
591 1485 755 1554 actionem,
770 1505 863 1570 quam
881 1496 1002 1570 oportet
1036 1482 1126 1568 dirigi

206 1572 244 1637 ab
280 1591 318 1637 eo
352 1573 403 1658 qui
440 1573 589 1660 principia
615 1572 709 1638 rebus
733 1569 819 1638 dedii
840 1593 895 1660 per
918 1591 997 1658 quae
1021 1586 1126 1656 agunt.

206 1660 338 1726 Necesse
362 1675 407 1726 est
430 1663 523 1747 igitur
546 1675 580 1727 ut
603 1662 698 1738 Deus,
722 1663 774 1746 qui
798 1676 843 1727 est
867 1664 897 1726 in
920 1680 954 1724 se
982 1660 1125 1725 naturali·

207 1762 254 1812 ter
278 1749 431 1834 perlectus
455 1762 484 1814 et
508 1751 652 1816 omnibus
675 1751 797 1816 entibus
820 1771 858 1816 ex
883 1769 938 1814 sua
977 1762 1126 1835 potestate

208 1857 276 1902 esse
292 1837 431 1923 largitur,
443 1839 584 1904 omnium
599 1839 716 1904 entium
731 1853 832 1906 rector
845 1838 963 1915 existat,
986 1857 1002 1901 a
1041 1837 1127 1902 nullo

208 1927 314 2011 utique
338 1927 483 2004 directus3
505 1947 563 1993 neo
586 1941 632 1994 est
655 1928 771 2015 aliquid
794 1928 877 2015 quod
901 1925 941 1991 ab
964 1924 1030 2010 ejus
1047 1927 1135 2009 regi.

207 2017 292 2082 mine
314 2029 488 2096 excusetur,
511 2018 589 2082 sicut
613 2038 670 2083 nec
693 2031 739 2082 est
761 2017 876 2104 aliquid
898 2015 982 2102 quod
998 2015 1036 2080 ab
1060 2015 1128 2101 ipso

206 2125 274 2170 esse
297 2126 359 2171 non
382 2106 535 2172 sortiatur.
575 2107 626 2171 Est
664 2107 766 2192 igitur,
799 2109 877 2172 siout
903 2103 1056 2191 perlectus
1095 2105 1126 2168 in

205 2195 337 2260 essendo
360 2206 390 2258 ct
412 2195 578 2276 causando,
602 2197 641 2260 ita
666 2196 757 2261 etiam
782 2209 812 2259 et
835 2196 865 2260 in
889 2193 1026 2277 regendo
1057 2211 1125 2278 per·

206 2282 314 2349 leatus.
339 2282 436 2369 Hujus
465 2305 537 2350 raro
573 2285 732 2369 regiminis
766 2283 891 2349 effectus
929 2283 961 2347 in
999 2283 1127 2346 diversis

204 2387 329 2459 apparet
353 2372 560 2439 diversimode
584 2372 757 2439 secundum
793 2372 996 2438 dillcrentiam
1035 2383 1125 2435 natu·

202 2481 317 2527 rarum.

271 2549 431 2632 Quaedam
454 2572 590 2637 namque
613 2551 657 2616 sic
684 2572 700 2615 a
724 2551 791 2615 Deo
815 2549 963 2636 producta
987 2561 1057 2613 sunt
1081 2562 1124 2625 ut,

204 2639 394 2706 intellectum
420 2640 578 2718 habentia,
602 2640 668 2725 ejus
692 2639 925 2704 similitudinem
950 2649 1058 2720 gerant
1095 2651 1126 2702 et

204 2729 371 2814 imaginem
395 2743 636 2816 repraesentent;
675 2729 810 2793 undeet
834 2728 898 2814 ipsa
922 2746 983 2790 non
1023 2725 1124 2790 solum

204 2832 276 2883 sunt
309 2818 435 2896 directa,
472 2817 526 2883 sed
565 2831 596 2883 et
634 2818 734 2903 seipsa
759 2815 920 2901 dirigentia
951 2813 1123 2880 secundum

205 2908 344 2995 proprias
367 2908 503 2972 actiones
519 2906 549 2971 in
566 2906 705 2972 debitum
730 2907 834 2983 linem;
858 2925 948 2992 quae,
972 2905 1044 2969 siin
1068 2925 1123 2968 sua

205 2996 373 3062 directione
397 2996 538 3081 regimini
563 2996 666 3078 divino
704 2995 886 3071 subdantur,
902 2994 940 3057 ad
979 2991 1121 3056 ultimum

205 3085 299 3150 finem
310 3085 565 3171 consequendum
575 3084 724 3150 exdivino
742 3083 892 3169 regimine
907 3081 1122 3156 admittuntur;

205 3174 396 3260 repelluntur
419 3189 533 3252 autem,
557 3176 581 3239 si
603 3194 691 3240 secus
714 3175 745 3238 in
768 3193 824 3239 sua
848 3170 1017 3235 directione
1052 3188 1124 3254 pro·

206 3277 361 3328 cesserant.

272 3351 335 3416 ntia
359 3372 444 3430 vero,
466 3352 621 3417 intellectu
646 3350 791 3428 carentia,
825 3350 925 3434 seipsa
963 3345 994 3410 in
1032 3365 1122 3410 suum

206 3441 298 3505 finem
323 3461 385 3506 non
410 3437 555 3526 dirigunt,
579 3441 633 3504 sed
657 3441 695 3504 ab
719 3438 1122 3524 aliodiriguntur;quorum

207 3529 372 3616 quaedam,
395 3528 636 3617 incorruptibilia
660 3527 830 3606 existentia,
869 3526 948 3592 sicut
986 3524 1016 3587 in
1056 3541 1124 3588 esse
