2462 3968
235 235 298 301 tao
545 257 601 303 tm.
633 257 673 302 ιιι.
699 257 762 303 cnr.
786 255 862 302 nrm.

229 323 368 390 tardatur
389 336 491 390 motus
514 325 591 412 ejus3
613 325 697 392 unde
720 347 757 393 ex
780 327 839 391 hoc
855 321 1042 390 concludunt
1063 321 1156 410 quod

231 414 350 480 nullum
374 433 487 502 corpus
509 416 546 481 sit
570 415 715 492 activum,
737 415 793 482 sed
815 414 982 504 Lpassiuum
1022 427 1157 478 tantum.

243 547 244 550 κ
295 503 360 570 Ηεε
382 506 474 568 etiam
509 505 649 570 nituntur
683 505 847 570 ostendere
884 522 939 589 par
974 505 1032 567 hoo
1066 503 1155 586 quod

228 611 322 657 omne
345 593 463 680 patiens
487 607 533 658 εει
556 592 730 678 subjectum
756 593 859 680 agenti
884 605 914 657 et
951 589 1035 675 quod
1057 609 1157 657 omne

229 700 323 766 agens
346 695 469 768 praeter
493 683 639 768 primum,
678 681 761 769 quod
796 693 902 747 causat
938 677 984 765 (i)
1024 680 1157 764 requirit

227 769 403 856 subjeetum
428 770 556 836 inferius
579 792 623 848 se;
647 772 732 836 nulla
762 783 866 836 autem
901 769 1072 834 substantia
1111 782 1158 832 est

228 857 358 924 interior
380 860 544 944 corporali3
567 860 651 925 unde
676 860 798 926 uidetur
820 857 906 946 quod
941 857 1063 923 nullum
1087 877 1158 922 cur·

229 969 287 1034 pus
309 949 349 1012 sit
372 949 516 1013 activum.

297 1037 421 1102 cudunt
443 1038 546 1117 etiam,
569 1037 608 1104 ed
632 1037 701 1117 hoc,
723 1037 808 1124 quod
831 1033 1157 1123 corporalissuhstan·

232 1125 272 1190 tia
296 1137 341 1190 est
364 1127 395 1190 in
419 1125 525 1191 ultima
549 1125 690 1192 distantia
728 1127 870 1213 aprinio
909 1137 1030 1209 agente3
1071 1123 1157 1188 unde

232 1233 294 1278 non
316 1215 435 1280 uidetur
457 1216 501 1280 eis
524 1216 607 1300 quod
631 1217 726 1280 virtus
749 1217 846 1280 active
870 1213 1029 1301 perveniat
1054 1232 1155 1297 usque

232 1303 271 1366 ad
293 1303 494 1369 substantiam
517 1305 720 1390 corporalem,
743 1305 809 1380 sed,
831 1305 909 1370 sicut
946 1303 1031 1370 Deus
1055 1317 1103 1366 εει
1126 1322 1156 1364 a·

230 1410 306 1474 gens
330 1405 460 1471 tantum,
484 1394 524 1457 ita
547 1395 717 1458 substantia
739 1394 921 1480 corporatis,
941 1411 1013 1456 cum
1038 1390 1079 1456 sit
1112 1392 1155 1455 in·

229 1479 303 1546 tima
326 1481 357 1546 in
380 1503 495 1567 genere
518 1501 621 1547 rerum
645 1483 684 1548 sit
707 1483 826 1568 passive
850 1495 980 1546 tantum.

294 1569 424 1658 Propter
449 1573 504 1636 has
527 1571 620 1656 igitur
642 1573 777 1636 rationes
801 1571 888 1658 ponit
918 1567 1090 1634 dricebron
1106 1563 1154 1652 (ἢ)

228 1658 312 1744 quod
335 1660 454 1724 nudum
478 1680 590 1746 corpus
614 1673 660 1724 εει
683 1663 826 1739 activum,
848 1657 903 1724 sed
937 1657 1021 1742 quod
1058 1659 1155 1722 virtus

228 1745 418 1813 substantiae
442 1748 627 1833 spiritualia
645 1751 854 1836 pertransiens
872 1767 926 1834 per
937 1765 1081 1833 corpora,
1093 1747 1154 1833 agit

228 1836 364 1901 actiones
386 1856 467 1923 quae
491 1857 546 1924 per
569 1857 699 1923 corpora
722 1837 788 1902 tisri
820 1837 973 1902 uidentur.

295 1923 429 2006 Quidam
454 1927 546 1989 etiam
571 1925 732 2012 loquentes
756 1928 786 1991 in
810 1926 879 2012 lege
902 1925 1082 1989 Maurorum
1108 1924 1152 1988 di·

230 2026 344 2077 cuntur
366 2014 405 2078 ad
430 2014 489 2078 huo
512 2015 663 2080 rationem
687 2015 833 2081 inducere
866 2015 950 2100 quod
984 2013 1080 2078 etiam
1105 2033 1153 2078 ae·

230 2099 362 2166 cidentia
385 2123 449 2168 non
469 2103 529 2167 sint
552 2123 588 2168 ex
611 2105 731 2169 actione
765 2123 944 2191 corporum,
976 2102 1049 2187 quia
1073 2104 1152 2168 acei-

230 2189 306 2256 dens
329 2211 391 2256 non
416 2192 562 2257 transite
600 2193 745 2277 subjecto
774 2195 805 2258 in
845 2193 1031 2276 subjectum
1069 2191 1153 2256 unde

230 2293 374 2364 reputant
396 2280 589 2367 impossibile
611 2281 695 2367 quod
719 2281 806 2347 calor
830 2295 963 2346 transeat
986 2299 1153 2366 acorpore

229 2367 329 2432 calido
352 2369 385 2433 in
407 2369 491 2434 aliud
514 2388 626 2456 corpus
650 2371 689 2436 ab
713 2371 780 2457 ipsu
807 2369 1000 2446 calefactum3
1023 2369 1080 2432 sed
1105 2369 1149 2434 di-

229 2469 303 2522 cunt
327 2459 430 2523 omnia
455 2455 635 2542 hujusmodi
657 2460 826 2524 accidentia
850 2461 981 2524 crearia
1004 2458 1087 2523 Deo.

295 2545 340 2610 dd
364 2547 547 2633 praemissas
569 2560 673 2614 autem
697 2549 863 2635 positiones
886 2547 982 2615 multa
1006 2549 1150 2614 inconse-

228 2633 343 2700 nicntia
367 2649 548 2722 sequuntur.

293 2723 324 2789 Si
349 2725 431 2790 enim
457 2726 540 2790 nulia
564 2723 693 2790 inferior
716 2745 819 2804 causa,
843 2738 873 2790 ει
911 2725 1045 2790 maxime
1082 2745 1151 2792 cor·

226 2812 352 2898 porelis,
385 2813 500 2899 aliquid
534 2829 692 2898 operatur,
724 2813 780 2880 sed
818 2815 904 2880 Deus
938 2828 1085 2902 operatur
1120 2817 1149 2880 in
1214 2853 1215 2858 κ

227 2902 372 2967 omnibus
395 2903 489 2982 solus,
522 2901 606 2967 Deus
629 2918 732 2969 autem
767 2923 830 2968 non
856 2905 991 2969 variatur
1014 2925 1070 2991 per
1092 2904 1153 2969 ime

226 2990 311 3076 quod
335 3007 480 3077 operatur
503 2993 535 3056 in
558 2993 651 3058 rebus
675 2992 815 3068 dirersis,
845 3014 906 3057 non
931 3008 1080 3080 sequetur
1103 2993 1150 3058 di·

225 3099 333 3146 versus
354 3080 480 3146 effeetus
503 3101 540 3146 en
564 3078 739 3147 diversitate
762 3101 867 3148 rerum
890 3084 921 3146 in
946 3083 1059 3168 quibus
1075 3102 1149 3169 ope-

224 3181 321 3236 ratur.
345 3168 409 3236 Ηεε
431 3183 534 3236 autem
561 3169 601 3236 ad
634 3190 762 3236 sensum
787 3184 914 3258 apparet
939 3169 1064 3250 falsum
1085 3191 1147 3236 ooo

225 3259 309 3323 eninr
332 3277 370 3324 ex
393 3260 586 3346 appositione
609 3259 700 3326 calidi
722 3261 860 3347 sequitur
884 3259 1148 3346 infrigidatiu,sed
1214 3357 1215 3360 Ἴ

255 3395 315 3518 h'ss)
335 3395 439 3468 Causct,
457 3397 475 3452 i.
491 3413 515 3451 ε.
532 3402 612 3466 creat,
631 3403 658 3450 ct
681 3413 729 3470 por
760 3415 923 3470 consequens
952 3415 1005 3454 non
1038 3400 1148 3470 requirit

222 3481 254 3520 su
269 3475 448 3608 &pippinum
465 3537 555 3592 Fontis
573 3539 650 3592 citae.
