2462 3968
229 221 293 288 270
546 243 603 290 arn.
627 244 667 288 ιιι.
692 241 755 288 cnr.
779 241 827 288 xc.

540 389 724 466 CAPUT
761 397 823 466 XC.

231 576 320 657 Quod
342 577 503 642 electiones
526 589 555 642 et
576 578 749 644 uoluntates
787 577 941 641 humanae
976 574 1153 644 subduntur

470 756 472 760 ι
507 667 630 732 diuinae
651 667 879 752 prouidentiae.

294 843 336 908 Er
359 863 421 929 quo
447 855 529 929 patet
566 843 650 930 quod
688 857 809 930 oportet
847 843 940 908 ctiam
978 844 1154 910 voluntates

228 933 380 998 liumanas
403 945 433 998 et
455 932 619 1000 electiones
643 934 762 1000 divinae
798 931 1007 1020 providentiae
1042 933 1153 1000 subdi·
1228 967 1229 974 ι

228 1035 273 1086 tas
297 1040 374 1086 esse.

294 1108 406 1174 Orurria
429 1111 513 1178 enim
536 1131 616 1198 quae
641 1111 724 1176 Deus
748 1109 821 1195 agit,
844 1128 881 1173 ex
915 1099 1024 1176 ordine
1048 1113 1153 1197 provi·

228 1198 350 1263 dentiae
373 1219 447 1264 suae
470 1201 540 1284 agit.
565 1201 641 1266 Cum
665 1201 757 1284 igitur
781 1200 848 1284 lpse
881 1198 919 1263 sit
957 1220 1049 1266 causa
1085 1201 1151 1266 ele-

228 1289 337 1354 ctionis
361 1300 390 1352 et
415 1288 579 1356 voluntatis
602 1304 737 1360 nostram
761 1301 791 1354 et
829 1287 994 1354 electiones
1030 1301 1061 1354 et
1095 1310 1151 1356 vo·

228 1376 362 1444 luntates
385 1391 507 1442 nostrae
531 1378 651 1444 divinae
675 1376 885 1464 providentiae
921 1377 1107 1444 subduntur.

295 1466 444 1555 Amplius,
469 1463 579 1534 Omnia
604 1466 774 1552 corporalia
810 1485 865 1548 per
903 1467 1071 1552 spiritualia
1096 1467 1151 1532 ad-

229 1555 450 1632 ministrantur,
473 1557 551 1630 siout
576 1557 717 1642 superius
741 1559 781 1642 (o.
806 1553 868 1639 782
897 1569 943 1620 est
981 1569 1152 1621 ostensum.

229 1643 393 1731 spritualia
420 1659 634 1728 autemagunt
656 1643 879 1729 incorporalia
919 1663 974 1730 per
1012 1645 1150 1710 volunta·

229 1748 305 1799 tem.
325 1733 357 1798 Si
375 1734 467 1818 igitur
483 1734 649 1800 electiones
672 1746 701 1798 et
715 1745 826 1798 'motus
849 1731 1040 1798 voluntatum
1063 1734 1150 1798 intel·

229 1821 408 1888 lectualium
432 1823 671 1888 substantiarum
696 1821 734 1886 ed
758 1821 814 1886 Dei
839 1822 1062 1907 providentiam
1086 1844 1149 1888 non
1229 1869 1230 1872 ι

230 1911 394 1996 pertinent,
415 1911 554 1995 sequitur
570 1911 653 1996 quod
677 1911 769 1974 etiam
784 1909 955 1996 corporalia
972 1911 1066 1997 ipsius
1079 1933 1149 1999 pro·

229 2000 382 2066 videmiae
411 1999 638 2066 subtrahantur:
661 2013 692 2066 et
723 2000 767 2064 sic
805 1999 937 2066 totaliter
973 2000 1057 2066 nulla
1091 2002 1150 2066 erit

229 2088 434 2176 procidentia.

295 2178 382 2256 item,
406 2177 530 2260 Quanto
554 2176 655 2262 aliqua
678 2189 749 2242 sunt
771 2175 922 2242 nobiliora
952 2176 1150 2257 inuniversn

229 2279 314 2332 tanto
338 2280 459 2352 oportet
483 2266 566 2350 quod
589 2265 687 2350 magis
711 2265 892 2351 participent
930 2265 1084 2342 ordinem,
1118 2269 1149 2333 in

230 2377 291 2441 quo
304 2356 421 2422 bouum
438 2356 569 2420 universi
587 2355 733 2431 consistit3
747 2353 828 2419 unde
847 2355 1050 2442 Aristoteles(
1069 2356 1148 2444 eny-

229 2448 293 2522 sio„
316 2445 347 2523 ⁰2,
372 2457 441 2510 text.
466 2464 580 2510 comm.
604 2442 677 2528 ll)
702 2445 802 2527 arguit
841 2443 982 2529 antiquos
1016 2445 1150 2531 pbiloso-

229 2533 319 2620 phos,
356 2534 409 2619 qui
448 2532 604 2618 ponebant
641 2551 746 2598 casum
770 2544 800 2596 et
833 2531 987 2598 fortunam
1021 2535 1053 2600 in
1078 2556 1149 2601 eon·

229 2622 386 2690 stitutione
409 2621 587 2688 caelestium
611 2641 788 2707 corporum,
811 2641 873 2685 non
907 2635 1010 2686 autem
1049 2623 1082 2690 in
1106 2624 1150 2688 in-

229 2709 396 2776 ferioribus
421 2711 522 2776 rebus.
564 2709 759 2776 Substantiae
791 2724 893 2774 autem
932 2710 1151 2778 intellectuales

229 2814 301 2866 sunt
323 2799 489 2866 nobiliores
511 2797 688 2866 substantiis
730 2798 952 2878 corporalibus.
989 2799 1020 2864 Si
1059 2801 1152 2886 igitur

228 2890 417 2956 substantiae
439 2887 615 2973 corporales
640 2901 789 2972 quantum
816 2887 855 2952 ad
880 2908 950 2952 suas
967 2889 1152 2956 substantias

229 2993 257 3044 et
282 2980 428 3056 notiones,
444 2976 557 3042 eadunt
580 2977 637 3040 sub
662 2976 771 3042 ordine
796 2975 1020 3062 providentiae,
1053 2979 1152 3044 multo

229 3069 327 3152 magis
350 3066 538 3132 substantiae
562 3065 795 3130 intellectuales.

298 3156 473 3232 Praeterea,
497 3153 536 3220 Ea
560 3167 733 3237 quaesunt
756 3152 975 3239 propinquiora
1009 3155 1063 3221 lini
1088 3177 1153 3221 ma·

232 3245 278 3330 gis
301 3245 415 3310 cadunt
438 3243 497 3308 sub
521 3243 630 3307 ordine
653 3245 705 3329 qui
729 3256 775 3306 est
797 3242 836 3306 ad
869 3245 974 3319 linem3
998 3265 1071 3310 nam
1110 3248 1154 3311 eis

230 3333 451 3408 mediantibus,
474 3333 566 3398 etiarn
590 3332 649 3396 alia
684 3330 865 3396 ordinantur
888 3332 1058 3399 isannem.
1098 3337 1153 3400 dc·

233 3423 334 3488 tiones
358 3434 461 3486 autern
484 3421 728 3487 substantiarum
752 3420 1004 3487 intellectualium
1030 3424 1155 3511 propin·

232 3511 322 3594 quius
345 3509 528 3576 ordinantur
553 3510 584 3574 in
608 3509 710 3574 Deum
735 3510 812 3574 sicut
837 3509 867 3574 in
892 3510 985 3578 finem
1009 3533 1103 3599 quam
1122 3534 1154 3578 a·
