2462 3968
222 231 284 296 191
534 253 589 298 cie.
615 253 655 296 ur.
681 251 866 298 car.uxv1u.
899 255 902 262 ·

218 335 251 384 nt
274 333 431 386 ostensum
455 325 501 385 est
524 321 569 408 (l.
594 321 625 396 1,
648 341 676 386 ε.
702 323 759 405 6),
776 333 899 408 oportet
914 321 1009 407 quod,
1022 322 1052 386 in
1064 343 1145 409 quo·

218 429 353 494 cumque
367 424 412 475 est
424 410 563 474 invenire
571 429 639 474 esse
653 409 699 500 (l)
709 409 936 475 eiadsitdiuina
956 414 1144 496 praesentia.

285 499 435 585 Amplius
458 498 686 584 Quodcumque
709 519 804 579 agens
838 511 870 563 et
892 518 1041 585 praeseus
1079 513 1148 564 tan-

210 599 283 664 tum
305 590 357 652 uni
381 607 508 652 suorum
531 586 708 666 effectuum,
732 587 799 673 ejus
837 589 917 652 actio
940 607 1004 674 non
1044 601 1147 674 potest

218 675 349 740 derivari
373 674 411 741 ad
435 675 494 740 alia
519 676 576 741 nisi
600 676 653 741 illo
677 676 790 742 effectu
813 676 982 754 mediante,
998 696 1036 740 eo
1060 677 1146 762 quod

217 785 311 847 agens
335 777 365 830 et
391 768 509 850 patiens
533 778 655 850 oportet
678 785 746 830 asse
770 765 874 842 simul;
898 766 977 829 sicut
1000 766 1046 829 vis
1079 786 1147 831 mo·

217 854 277 918 tiva
301 874 363 918 non
387 867 490 918 movet
513 853 570 917 alia
595 855 736 918 membra
761 856 818 920 nisi
843 855 1001 918 mediante
1041 856 1149 918 corde.

217 942 247 1004 Si
273 943 366 1026 igitur
389 941 472 1007 Deus
496 955 578 1006 esset
600 963 746 1028 praesens
770 945 823 1008 uui
857 955 977 1007 tantum
1013 963 1145 1008 suorum

218 1028 395 1105 effectuum,
419 1043 525 1118 utpote
547 1031 648 1117 primo
671 1031 792 1108 mobili,
828 1031 912 1117 quod
938 1031 977 1095 ab
1013 1051 1052 1096 eo
1088 1033 1146 1096 im-

218 1118 351 1184 mediate
374 1133 526 1198 moretur,
549 1134 731 1205 sequeretur
754 1121 838 1206 quod
865 1120 932 1206 ejus
962 1120 1042 1187 actio
1078 1142 1143 1185 nun

217 1222 321 1292 posset
344 1208 382 1274 ad
406 1209 463 1273 alia
487 1209 619 1273 derivari
644 1211 701 1274 nisi
725 1210 777 1274 illo
802 1211 968 1275 mediante.
992 1209 1059 1274 lloc
1090 1232 1145 1274 au

218 1313 280 1360 rem
303 1311 348 1362 est
371 1298 600 1381 inconveniens.
628 1299 659 1362 Si
683 1299 766 1362 enim
792 1298 921 1383 alicujus
956 1299 1078 1384 agentis
1115 1321 1146 1362 a·

215 1385 276 1450 ctio
300 1407 362 1451 non
388 1399 489 1472 potest
514 1387 646 1452 derivari
671 1387 792 1452 adalia
817 1389 875 1451 nisi
899 1389 1057 1453 mediante
1090 1387 1145 1452 ali-

216 1495 278 1558 quo
301 1477 412 1561 primo,
427 1489 548 1562 oportet
571 1475 654 1560 quod
679 1475 755 1540 illud
787 1476 1058 1562 proportionaliter
1095 1496 1144 1540 re-

215 1564 367 1646 spondeat
391 1567 492 1648 agenti
516 1565 688 1629 secundum
712 1578 806 1629 totam
830 1565 897 1649 ejus
920 1564 1144 1640 virtutem;ali-

216 1666 262 1715 ter
285 1655 368 1717 enim
394 1673 456 1718 non
481 1666 584 1740 posset
617 1673 713 1738 agens
745 1667 808 1719 tota
842 1673 897 1718 sua
934 1655 1045 1718 virtute
1086 1656 1141 1728 uti,

214 1741 292 1805 sicut
317 1741 455 1806 videmus
471 1742 554 1828 quod
579 1761 688 1806 omnes
714 1756 816 1807 tuctus
833 1761 911 1828 quos
936 1755 1037 1828 potest
1065 1763 1139 1807 eau-

214 1849 283 1893 sare
299 1830 393 1894 virtus
417 1833 530 1896 motiva
554 1831 669 1916 expleri
694 1843 821 1916 possunt
845 1851 900 1917 per
924 1852 987 1896 eor.
1011 1831 1141 1896 Nonest

214 1933 316 1981 autem
341 1919 443 2003 aliqua
480 1933 620 1984 ereatura
655 1939 709 2004 per
747 1939 840 2005 quam
878 1934 982 2006 posset
1019 1921 1139 2006 expleri

214 2005 364 2090 quidquid
388 2007 488 2096 divina
517 2009 611 2072 virtus
634 2007 736 2072 facere
774 2021 883 2094 potest;
921 2029 992 2074 cum
1032 2009 1139 2074 diviua

213 2095 308 2158 virtus
331 2095 458 2160 excedat
481 2096 513 2160 in
537 2097 691 2161 infinitum
716 2097 886 2183 quamlibet
910 2117 976 2162 rem
989 2111 1139 2175 creatam,

213 2198 246 2248 ut
267 2198 394 2268 apparet
417 2205 454 2250 ex
477 2186 525 2250 bis
548 2206 629 2270 quae
653 2199 777 2252 ostensa
802 2200 873 2250 sunt
896 2187 991 2272 (ll,
1015 2207 1041 2252 e.
1057 2188 1101 2252 ts
1117 2187 1139 2267 ).

213 2272 435 2338 lnconveniens
459 2289 505 2339 est
528 2275 622 2358 igitur
648 2275 751 2338 dicere
789 2275 873 2360 quod
913 2277 1016 2341 diviua
1057 2280 1139 2340 actio

211 2381 274 2424 non
298 2381 331 2424 se
356 2363 500 2428 extendat
523 2365 561 2428 ad
585 2363 644 2427 alia
665 2365 722 2428 nisi
748 2365 904 2429 mediante
928 2385 992 2430 uno
1024 2367 1138 2450 primo.

211 2449 278 2513 Non
299 2447 349 2514 εει
373 2450 466 2536 igitur
506 2472 652 2538 praesens
686 2451 718 2516 in
754 2473 817 2517 uno
852 2465 971 2520 tantum
1005 2474 1138 2520 suorum

211 2537 391 2617 effectuum,
414 2542 469 2606 sed
493 2541 524 2605 in
547 2541 702 2620 omnibus,
742 2541 852 2606 eadem
891 2543 975 2608 enim
1015 2543 1138 2609 ratione

211 2627 399 2714 opinabitur,
422 2631 447 2694 si
472 2631 540 2716 quis
564 2631 645 2695 dicat
667 2649 739 2694 eum
768 2649 837 2696 esse
860 2633 891 2695 in
926 2631 1082 2719 aliquibus
1107 2649 1138 2697 et

209 2737 272 2780 non
297 2719 328 2781 in
352 2718 508 2793 omnibus,
532 2719 615 2804 quia,
638 2737 836 2805 quocumque
874 2722 969 2785 modo
1005 2719 1136 2786 effectus

209 2804 303 2870 divini
323 2801 525 2892 accipiantur,
549 2827 612 2872 non
636 2806 826 2873 sufficienter
847 2809 972 2896 explere
989 2823 1138 2895 poterunt

209 2894 331 2959 divinae
355 2897 472 2960 virtutis
496 2897 721 2961 executionem.

245 3063 246 3068 ἵ
274 2983 449 3063 Praeterea,
472 2983 605 3050 Necesse
629 3001 675 3050 est
699 2999 732 3052 ut
757 3005 850 3050 causa
868 2985 963 3070 agens
980 2988 1020 3052 sit
1042 2989 1136 3052 simul

207 3092 279 3137 cum
303 3093 360 3138 suo
384 3073 497 3139 effectu
522 3077 663 3161 proximo
686 3087 716 3138 et
749 3075 939 3140 immediato.
980 3077 1013 3140 ln
1038 3079 1137 3162 quali·

208 3161 261 3225 bet
286 3175 389 3227 autem
413 3182 448 3227 re
471 3175 517 3228 est
540 3164 651 3251 aliquis
674 3161 801 3228 effectus
825 3165 985 3249 proximus
1024 3180 1054 3229 et
1077 3167 1137 3230 im-

207 3250 360 3316 mediatus
383 3251 479 3338 ipsius
502 3251 573 3330 Dei3
596 3266 754 3319 ostensum
778 3268 824 3318 est
853 3254 938 3318 enim
976 3254 1028 3341 (l.
1053 3254 1084 3334 1,
1107 3275 1135 3318 ε.

207 3339 278 3420 bt)
304 3339 388 3426 quod
411 3341 495 3406 solus
524 3341 610 3408 Deus
645 3361 753 3407 creare
786 3355 897 3428 potest;
931 3345 962 3408 in
997 3344 1136 3430 qualibet

233 3529 239 3546 Ι
259 3458 298 3528 (1)
317 3460 348 3513 fn
366 3477 522 3530 pomumque
541 3467 583 3514 ert·
598 3464 713 3516 invenire
731 3480 794 3531 esec,
813 3463 831 3516 i.
854 3479 877 3517 ε.
911 3465 947 3517 in*
966 3479 1135 3535 quocumque

206 3555 239 3594 ro
264 3561 320 3600 esse
338 3554 424 3616 potest
442 3547 564 3602 inveniri.
