2516 3968
218 219 290 285 ‘tae
513 237 568 284 trs.
594 235 636 283 ιιι.
661 235 724 282 cta.
748 233 866 282 ornare.

220 308 326 392 gulam
350 305 476 374 rationis
498 306 675 393 pertransit,
699 325 764 372 non
787 303 881 370 refert
905 309 1010 372 utrum
1032 305 1065 370 iu
1080 319 1151 370 mo·

220 395 290 462 dico
314 395 362 462 vel
385 396 417 461 in
440 415 555 480 magno
582 396 679 482 ipsam
704 391 887 461 transiverit.

290 483 353 550 Sed
376 485 402 550 si
440 485 510 571 quis
547 483 711 568 diligenter
747 483 898 570 inspiciat,
931 481 963 547 in
1001 481 1152 548 omnibus

192 575 194 580 '
223 593 358 662 quorum
382 571 531 660 perfectio
554 586 585 638 et
608 572 725 639 bouum
749 575 780 638 in
822 569 959 658 quadam
985 591 1155 637 commen·

223 663 381 728 auratione
407 661 556 741 consistit,
579 673 697 748 quanto
720 659 819 745 magis
835 681 851 724 a
869 657 972 725 debita
988 679 1156 725 commen·
1210 713 1216 722 .

223 751 380 818 tutatione
404 750 572 828 receditur,
592 762 677 814 tanto
701 747 800 836 majus
823 748 883 814 erit
909 749 1041 826 malum;
1075 750 1158 814 sicut

217 840 339 905 sanitas
362 839 502 904 consistit
524 839 556 904 in
581 837 684 904 debita
707 839 1012 904 commensuratione
1042 837 1159 904 humo·

229 949 301 994 rum
324 940 355 993 et
380 927 577 1014 pulchritudo
600 928 632 993 in
655 925 758 993 debita
781 926 1157 1014 proportionemembro·

218 1037 315 1094 mm,
338 1016 450 1082 veritas
473 1029 577 1082 autem
600 1016 632 1082 in
655 1015 957 1083 commensuratione
979 1015 1157 1081 intellectus

235 1105 282 1170 uei
306 1106 458 1171 sermonis
481 1104 521 1170 ad
544 1125 621 1170 rem.
656 1105 743 1173 Patet
779 1119 883 1172 autem
917 1104 1002 1190 quud
1037 1118 1157 1191 quanto

234 1209 281 1260 est
303 1193 404 1280 major
425 1194 628 1280 inaequalitas
649 1195 680 1260 in
704 1195 898 1272 humoribus,
921 1205 1006 1259 tanto
1029 1206 1078 1260 est
1091 1213 1158 1258 ma·

229 1282 282 1368 jor
304 1282 476 1361 infirmitas;
499 1295 529 1347 et
552 1295 667 1368 quanto
690 1297 737 1350 est
757 1283 858 1369 major
896 1282 1085 1348 inordinatio
1127 1283 1158 1348 in

232 1372 393 1450 membris,
416 1384 501 1438 tanto
524 1385 570 1436 est
593 1371 693 1457 major
716 1371 882 1460 turpitudo;
906 1385 937 1436 et
959 1384 1077 1458 quanto
1092 1391 1159 1436 ma·
1239 1413 1240 1416 =

236 1460 284 1547 gis
322 1480 339 1524 a
374 1463 501 1526 ueritate
540 1459 704 1538 receditur,
740 1474 823 1527 tanto
860 1472 906 1526 est
944 1459 1044 1547 major
1077 1459 1162 1526 falsi-
1240 1460 1241 1484 ¹

236 1564 293 1623 tas;
317 1551 486 1616 nonenim
510 1562 642 1614 esttam
678 1569 790 1633 niagno
814 1549 928 1614 salsitas
967 1550 1160 1616 aestimantis
1241 1560 1242 1566 ’

235 1640 292 1705 tria
327 1658 395 1704 esse
432 1639 570 1726 quinque
608 1636 686 1702 sicat
728 1638 796 1724 ejus
833 1638 885 1724 qui
924 1639 1065 1704 aestimat
1105 1639 1161 1702 tria

235 1748 303 1794 esse
326 1740 461 1794 centum.
496 1728 618 1792 Bonum
654 1739 759 1792 autem
800 1727 917 1793 virtutis
957 1727 989 1792 in
1024 1725 1162 1813 quadam

234 1816 538 1883 commensuratione
559 1815 707 1892 sensistin
731 1830 777 1882 εει
799 1815 883 1882 enim
926 1815 1078 1890 medium,
1113 1834 1162 1881 se-

235 1905 374 1971 cundum
411 1905 547 1970 debitam
586 1903 800 1972 limitationem
837 1904 1163 1981 circumstantiarum,

237 1995 318 2060 inter
355 1993 507 2058 contraria
549 1991 619 2057 vitia
654 2000 864 2060 constitutum.
903 1993 1029 2075 Quanto
1067 1993 1164 2078 igitur

238 2081 337 2166 magis
359 2081 400 2147 ab
423 2082 481 2147 hac
504 2081 668 2147 harmonia
691 2083 856 2162 receditur,
879 2094 964 2148 tanto
986 2094 1033 2147 est
1062 2081 1163 2167 major

239 2170 366 2238 malitia.
1181 2171 1186 2186 '

306 2260 374 2326 Non
400 2271 573 2325 astantem
604 2257 705 2324 simile
742 2257 887 2325 uirtutem
927 2259 1102 2344 transgredi
1135 2273 1166 2325 et

240 2350 390 2414 terminos
413 2346 556 2433 ajudice
579 2347 693 2433 positos
709 2348 847 2413 transire.
871 2347 948 2413 Nam
986 2349 1082 2414 virtus
1117 2363 1163 2415 est

240 2437 413 2502 seeundum
438 2455 472 2501 se
495 2435 625 2514 bonum,
647 2433 731 2500 unde
754 2437 897 2502 virtutem
921 2436 1092 2522 transgredi
1117 2451 1163 2502 est

238 2524 412 2592 seeundum
436 2545 469 2590 se
493 2523 622 2600 malum;
645 2536 676 2588 et
699 2523 770 2590 ideo
794 2537 916 2612 oportet
940 2525 1025 2611 qued
1063 2526 1162 2611 magis

239 2614 393 2679 auirtute
415 2611 562 2680 recedere
587 2613 628 2678 sit
662 2612 763 2698 majus
803 2613 931 2680 maium.
972 2612 1163 2699 'transgredi

242 2717 347 2768 autem
370 2702 537 2766 terminum
560 2721 578 2765 a
598 2700 706 2788 judice
730 2702 864 2788 positum
886 2722 950 2768 non
973 2713 1020 2768 est
1055 2723 1164 2768 secun·

242 2791 319 2857 dum
353 2811 387 2856 se
423 2787 552 2859 maium,
586 2789 642 2854 sed
680 2809 738 2876 per
769 2791 910 2857 accidens
948 2791 979 2855 in
1013 2805 1163 2878 quantum

241 2881 356 2946 scilieet
378 2893 425 2946 est
448 2876 648 2966 prohibitum.
672 2878 706 2943 in
729 2879 778 2946 his
801 2892 905 2947 autem
922 2899 1002 2966 quae
1022 2892 1094 2946 sunt
1111 2902 1165 2967 per

243 2967 396 3047 accidens,
420 2988 484 3033 non
506 2979 553 3032 est
577 2969 785 3034 neceesarium
808 2969 904 3054 quod,
927 2969 952 3034 si
986 2969 1167 3055 simpliciter

240 3059 380 3144 seqnitur
404 3057 444 3122 ad
468 3055 659 3144 simpliciter,
682 3069 714 3121 et
741 3058 840 3142 magis
863 3070 1011 3144 sequatur
1040 3057 1080 3122 ad
1103 3079 1169 3123 me-

242 3146 300 3231 gis,
323 3145 377 3211 sed
416 3144 517 3211 solum
542 3146 572 3210 in
590 3145 637 3210 his
660 3164 739 3231 quae
764 3159 836 3211 strnt
863 3166 917 3233 per
940 3165 983 3224 se;
1006 3147 1166 3212 norrenim

243 3235 393 3322 sequitur,
415 3235 440 3300 si
465 3233 570 3300 eibum
594 3246 639 3299 est
661 3235 826 3314 musicum,
864 3233 949 3322 quod
997 3235 1097 3319 magis
1123 3235 1168 3300 at-

244 3324 319 3389 bum
343 3323 382 3388 sit
405 3321 504 3406 magis
532 3323 697 3400 musicum
721 3323 861 3409 sequitur
884 3338 999 3398 autem,
1015 3324 1040 3387 si
1063 3323 1167 3388 album

244 3427 291 3478 est
324 3412 566 3496 disgregativum
602 3411 696 3490 uisus,
732 3411 817 3499 quod
853 3413 952 3500 magis
989 3411 1094 3479 album
1131 3411 1168 3480 eit

229 3501 345 3586 anagn
369 3499 610 3585 disgregativum
633 3499 726 3567 risus.
