2516 3968
216 221 282 288 111
504 239 559 284 tn.
584 239 624 284 ru.
649 236 713 284 ouo.
740 233 848 292 ,cxxxu

209 310 309 377 'unlus
332 309 466 376 dixisset:
493 307 527 374 Si
549 309 618 392 quis
641 327 702 372 non
724 306 791 372 nult
812 305 948 390 operari,
969 323 1024 371 noo
1046 323 1153 371 maro·

176 447 179 458 .
210 399 313 478 ducet,
335 399 356 464 2
378 396 531 476 Thessal,
554 397 585 476 5,
611 398 662 476 10,
686 406 811 482 propter
834 393 911 460 alios
934 393 986 480 qui
1001 393 1140 462 sibinon

212 486 368 554 sufficiunt
403 486 441 551 ad
466 487 579 552 victum
613 483 827 572 quaerendum
862 483 987 571 proprio
1020 483 1153 562 labore„

214 576 320 642 subdit
342 575 585 644 admonitionem
608 574 648 640 ad
678 574 765 647 alios,
788 571 904 638 dicens:
945 571 1002 637 Vos
1035 584 1144 639 nutem

213 667 309 732 ttulite
333 665 463 752 deficere
487 663 718 748 benefacientes,
742 663 762 728 1
786 660 937 740 Thessal,
963 661 995 740 5,
1020 661 1073 728 15.

283 753 362 822 Cum
386 754 478 820 etiam
508 752 547 820 ed
578 753 691 820 vietum
714 750 924 818 necessarium
957 770 1056 836 pauca
1078 749 1145 817 sul·
1244 719 1245 788 l

216 843 332 922 liciam,
355 863 417 912 nou
440 854 561 928 oportet
582 862 636 906 eos
666 841 718 927 qui
743 839 872 906 modieis
906 850 978 906 sunt
1003 840 1145 906 contenti
1244 845 1245 854 ’

217 951 366 1017 magnum
391 943 512 1018 tempus
535 949 688 1018 occupare
710 929 742 996 in
759 929 938 994 necessariis
954 928 1147 1014 quaerendis
1244 941 1245 954 ²

217 1020 325 1087 labore
348 1039 508 1098 manuum3
531 1032 563 1084 et
589 1023 630 1084 ita
665 1039 727 1084 non
762 1017 973 1106 impediuntur
1005 1017 1145 1086 multum

217 1109 257 1176 ab
280 1109 347 1174 aliis
369 1108 515 1196 operibus
539 1107 761 1194 spiritualibus,
798 1119 926 1194 propter
962 1125 1044 1192 quae
1068 1128 1145 1194 pau·

218 1211 368 1286 pertatem
406 1197 609 1264 voluntariam
644 1209 887 1283 assumpserunt;
922 1207 961 1260 et
975 1197 1145 1282 praecipue

218 1307 302 1366 cum,
325 1285 467 1352 manibus
491 1285 660 1373 operando,
691 1287 808 1371 possint
831 1285 870 1350 de
904 1284 972 1350 Deo
1005 1285 1147 1370 cogitare

219 1389 250 1442 et
267 1396 344 1441 eum
369 1373 495 1440 laudare
518 1387 549 1440 et
573 1374 631 1454 alia
654 1373 832 1460 hujusmodi
855 1372 966 1452 lacere,
987 1375 1147 1460 ‹praesin-

220 1463 367 1550 puleriter
390 1463 447 1530 sibi
472 1463 607 1528 uiuentes
641 1462 807 1530 observare
841 1475 971 1550 oportet.
1006 1463 1083 1539 Sed,
1106 1484 1148 1530 ne

222 1556 350 1618 omnino
373 1551 404 1617 in
427 1549 636 1638 spiritualibus
660 1551 806 1638 operibus
831 1551 1050 1637 impediantur,
1074 1573 1150 1640 pos·

223 1653 298 1710 sunt
320 1640 413 1706 etiam
437 1641 568 1707 eliorum
594 1639 731 1706 bdelium
756 1639 913 1708 benefieiis
935 1640 1088 1727 adjuvari.

292 1730 376 1796 Licet
400 1743 503 1796 autern
525 1728 696 1795 voluntaria
712 1742 876 1817 paupertas
892 1750 955 1796 non
971 1743 1151 1798 assumatur

224 1832 349 1908 propter
372 1817 469 1889 otium
494 1817 665 1884 tollendum
692 1830 744 1884 aut
767 1838 892 1884 carnem
927 1820 1150 1886 macerandum
1244 1869 1245 1880 ,

224 1925 320 1995 opere
357 1906 503 1987 manuali,
537 1907 608 1994 quia
642 1905 702 1972 bne
736 1920 766 1972 et
799 1907 920 1974 divitias
954 1908 1150 1995 possidentes

225 1995 326 2064 lacere
350 2007 572 2081 possunt‚·non
597 2008 700 2060 tamen
730 2007 777 2062 est
799 1995 929 2064 dubium
960 1997 1035 2082 quin
1060 1998 1150 2066 labor

225 2084 376 2154 manualis
410 2083 449 2148 ad
486 2083 641 2172 praedicta
664 2083 774 2163 valeat,
796 2085 889 2153 etiam
928 2085 986 2152 sub
1024 2087 1149 2154 modica

225 2175 322 2240 vietus
346 2173 526 2240 necessitate
550 2174 609 2260 (l).
640 2173 826 2242 ——Tamen
850 2175 947 2240 otium
983 2194 1039 2260 per
1074 2177 1150 2242 alia-s
1244 2183 1245 2272 p

225 2263 443 2351 occupationes
460 2263 602 2334 ¹utiliores
627 2275 726 2348 potest
748 2261 862 2328 aulerci
887 2277 917 2328 et
951 2265 1052 2332 earnis
1076 2285 1150 2332 con·

224 2353 410 2438 cupiscentia
448 2351 645 2416 ualidioribus
681 2350 826 2416 remediis
860 2352 1018 2433 edomari3
1053 2356 1149 2433 unde,

227 2457 354 2528 propter
378 2439 566 2525 hujusmodi,
589 2459 652 2504 non
688 2440 831 2506 imminet
863 2442 1029 2508 necessitas
1065 2443 1150 2509 labo-

226 2528 314 2594 randi
339 2529 385 2594 lais
408 2529 461 2615 qui
485 2528 687 2594 aliasbabent
709 2529 757 2594 vel
784 2529 900 2596 habere
913 2528 1050 2617 possunt
1064 2531 1152 2598 undc

226 2616 308 2684 licite
331 2616 442 2693 vitane
465 2617 530 2683 sola
553 2617 637 2690 enim
661 2618 825 2682 necessitas
840 2619 937 2686 victus
952 2619 1034 2704 cogit
1050 2622 1152 2686 mani-

226 2706 285 2773 bus
308 2707 441 2794 operari;
464 2704 547 2772 unde
570 2718 601 2770 et
637 2705 799 2792 Apostolus
821 2707 903 2774 dicit:
931 2707 1055 2792 Siquis
1090 2731 1153 2776 nott
1244 2755 1245 2772 t

226 2797 293 2864 ottlt
313 2797 450 2878 operari,
472 2815 527 2860 uec
556 2788 729 2873 manducet,
767 2795 787 2861 2
810 2795 963 2873 Thessal,
997 2797 1029 2876 5,
1054 2798 1107 2864 10.

294 2883 429 2966 Quartus
467 2883 560 2950 etiam
584 2883 695 2950 modus
719 2883 851 2964 visendi,
874 2885 914 2950 de
937 2884 984 2950 bis
1008 2906 1090 2973 qtrae
1113 2887 1153 2954 ab

226 2973 294 3043 aliis
317 2971 502 3052 inferuntur,
525 2985 571 3038 est
593 2973 781 3040 conveniens
805 2974 865 3040 illis
879 2974 932 3062 qui
946 2975 1154 3042 voluntariam

227 3075 440 3150 paupertatem
463 3073 633 3126 assumunt.
658 3061 726 3126 Non
748 3062 832 3128 enim
872 3064 931 3130 hoc
969 3077 1016 3130 est
1047 3064 1156 3132 incon·

223 3149 355 3217 'veniens
379 3151 485 3238 utqui
511 3170 565 3216 sua
590 3148 704 3216 dimisit
728 3165 854 3238 propter
876 3152 993 3240 aliquid
1011 3154 1098 3240 quod
1123 3155 1155 3220 in

228 3241 390 3308 utilitatem
414 3239 545 3306 aliorum
571 3239 678 3324 vergit,
701 3237 740 3304 de
764 3239 914 3326 hisquae
937 3241 977 3308 ab
994 3241 1060 3308 aliis
1078 3241 1156 3308 dan·

230 3343 279 3398 tur
301 3340 498 3397 sustentetur.
511 3326 572 3392 Nisi
588 3330 672 3394 enim
685 3327 745 3394 hoc
767 3342 857 3409 asset,
877 3331 1006 3396 societas
1018 3331 1156 3401 bumana
1244 3363 1245 3366 =

229 3437 415 3508 permanere
449 3437 510 3482 non
535 3429 648 3504 possen
671 3417 696 3482 si
720 3417 804 3484 enim
840 3417 949 3506 aliquis
984 3419 1066 3487 circa
1101 3442 1157 3489 sun
1244 3415 1245 3478 ἐ

284 3521 307 3589 11
313 3520 323 3592 )
342 3521 451 3592 Supplet
471 3521 534 3576 Cum
550 3538 598 3590 per
615 3538 779 3594 consequens,
800 3523 876 3580 labor
895 3527 931 3580 sil
949 3523 1073 3581 modicus.
