2516 3968
316 261 374 308 tta.
396 262 437 306 tn.
461 259 526 306 err.
546 260 623 308 ortt.
648 261 684 306 nr
708 261 792 307 ortu.
970 243 1034 312 ibit

116 327 322 406 ortbnatione,
346 349 425 417 quae
449 330 499 396 rel
522 345 567 396 est
582 330 671 417 culpa
684 331 731 396 rel
747 329 886 417 sequitur
900 331 1035 420 culpam.

117 417 310 502 llanilcsturn
334 432 380 484 est
402 417 485 484 enim
508 421 592 504 quod
606 439 660 506 per
672 434 831 506 peccatum
849 422 1036 506 praecedens

116 506 151 572 lit
172 507 326 594 quaedam
349 507 537 573 inordinatio
560 509 590 574 in
614 507 724 574 adactu
763 510 911 587 humano,
935 523 968 576 nt
991 511 1035 577 ic·

115 595 203 662 cilius
227 597 424 682 postmodum
448 597 487 661 ad
511 611 669 682 peccatum
693 595 1046 685 inclinarunllonergo

114 698 162 750 cst
198 685 314 772 absque
346 686 437 772 culpa
470 686 562 750 etiarn
596 684 680 772 quud
715 699 835 774 oportet
873 687 1032 756 bominem

114 772 251 859 adjurari
276 773 314 838 ad
349 775 465 840 bonum
501 775 618 840 virtutis
654 794 709 862 per
746 775 777 840 id
815 775 898 862 quod
935 789 981 842 est
1003 779 1031 844 ci

113 862 346 948 quodammodo
369 861 509 949 poenale,
531 862 609 928 idest
633 863 875 948 inquantnmest
890 863 1031 932 absolute

111 965 220 1016 contra
243 951 430 1016 voluntatem
454 951 562 1037 ipsius,
585 952 655 1017 licet
677 951 864 1038 quandoque
893 953 931 1020 sit
954 955 1030 1022 voli·

113 1051 180 1105 tnrn
203 1040 374 1106 secundum
397 1040 481 1126 quod
504 1040 581 1106 ratio
602 1040 726 1128 respicit
748 1041 852 1108 linem.
918 1085 921 1094 ·

180 1127 241 1194 Sed
263 1129 304 1194 de
327 1129 385 1194 bac
421 1128 656 1208 inordinatione,
690 1134 721 1196 in
755 1144 863 1196 natura
895 1129 1030 1200 bumana

110 1218 262 1283 existente
296 1237 334 1282 ex
373 1231 497 1303 peceato
521 1218 673 1302 originali,
712 1220 862 1306 posterius
900 1218 1030 1300 dicatur,

109 1325 195 1370 nnnc
218 1319 322 1372 autern
346 1305 378 1372 id
402 1319 519 1372 tanturn
545 1307 742 1374 manifestant
765 1307 804 1374 sit
841 1308 924 1394 quod
949 1310 1032 1376 Dens

111 1395 200 1478 punit
223 1395 365 1462 homines
403 1415 459 1483 pro
497 1397 628 1482 pcccatis
666 1411 697 1463 et
729 1396 814 1484 quod
847 1417 910 1464 non
945 1400 1032 1489 punit

109 1483 344 1570 absqueculpa.

407 1657 578 1726 CAPUT
620 1660 731 1728 CXLll.

165 1837 256 1920 Quod
277 1858 332 1904 neo
353 1858 458 1910 omnes
476 1859 597 1924 poenae
619 1860 673 1904 ner
699 1839 804 1904 ontnin
823 1841 969 1924 proemio
993 1879 999 1908 .-

439 1940 512 1994 aunt
538 1930 693 2013 ocqnolin.

173 2103 376 2170 (lucrantem
399 2104 501 2170 divina
521 2103 637 2188 justitia
661 2105 692 2172 id
725 2104 826 2190 erigat
862 2105 958 2191 qnod,
981 2107 1020 2172 nd

104 2193 323 2278 aequalitatem
346 2193 377 2260 in
401 2194 493 2258 rebus
516 2195 711 2271 servandam,
724 2214 779 2280 pro
791 2193 889 2279 culpis
903 2214 1022 2280 poenae

105 2282 275 2347 reddantur
297 2295 328 2346 et
351 2303 407 2368 pro
431 2281 519 2346 bonis
546 2283 664 2348 actibus
703 2285 851 2368 praemia,
889 2297 1020 2368 oportet.

105 2372 131 2435 si
154 2383 201 2436 est
221 2370 336 2456 gradus
360 2371 392 2436 in
415 2369 556 2434 virtuosis
580 2371 696 2434 actibus
719 2383 750 2434 et
774 2370 805 2434 in
828 2371 1024 2457 peccabant

105 2471 266 2526 ostensura
289 2471 335 2526 est
356 2460 398 2546 (c.
424 2457 619 2544 l59),.qnod
641 2459 679 2524 sit
701 2459 793 2524 etiam
808 2459 922 2543 gradus
934 2481 1023 2546 prce·

104 2547 243 2612 atriorum
265 2560 296 2612 et
319 2568 497 2634 poenarum.
524 2548 616 2612 llliter
638 2547 732 2626 enirn,
756 2567 818 2612 non
850 2561 1025 2616 servaretur

106 2636 288 2722 aequalitas,
310 2637 335 2700 si
359 2656 422 2702 non
446 2636 513 2724 plus
532 2637 671 2722 peccanti
709 2635 808 2720 major
846 2656 945 2722 poena
969 2651 1023 2702 aut

107 2726 217 2790 melius
240 2726 341 2810 agenti
374 2725 474 2810 majus
507 2725 678 2811 praemium
709 2723 898 2790 redderetur.
936 2725 1023 2810 Ejus·

106 2813 179 2878 darn
203 2813 286 2878 eninr
310 2815 436 2879 rationis
470 2831 537 2878 esse
574 2812 693 2880 ridetur
730 2813 813 2900 qnod
847 2812 1022 2880 diliarcnter

104 2901 293 2968 retribuatur
315 2901 485 2968 secundum
508 2899 711 2968 diiierentiam
735 2903 807 2968 boni
830 2915 860 2968 et
878 2902 969 2981 mali,
991 2915 1021 2969 et

105 2991 277 3056 securtdurn
312 2991 514 3058 differentiam
545 2990 671 3058 boniet
694 2991 828 3058 melioris
866 2990 913 3056 rel
949 2991 1021 3058 mali

106 3093 138 3145 et
160 3079 283 3166 pejoris.
728 3159 731 3163 ,

175 3167 361 3247 Praeterea,
397 3165 479 3233 Talis
514 3178 560 3232 est
604 3167 770 3256 aequalitas
813 3167 1021 3242 distributivae

101 3255 242 3342 justitiae
266 3271 298 3324 ut
321 3255 493 3343 inaequalia
517 3256 728 3342 inaequalibus
755 3256 931 3324 reddantur.
954 3257 1022 3323 Non

106 3361 187 3430 erqo¹
208 3361 288 3414 esset
306 3345 388 3431 justa
412 3347 655 3431 recompensatio
678 3365 733 3433 pcr
755 3365 869 3434 poenas
881 3357 911 3412 et
934 3366 1021 3431 prae-

108 3435 183 3513 mia,
204 3435 230 3500 si
259 3434 364 3502 nntrria
387 3433 523 3522 praemia
561 3447 593 3500 ct
629 3454 739 3502 ornnes
777 3454 897 3525 poenae
919 3449 1022 3502 essem

107 3523 263 3611 aequales.
