2494 3970
418 261 474 306 tm.
497 263 538 306 ru.
563 262 627 306 cnr.
650 262 719 306 xxu.
987 243 1030 309 59

111 343 260 420 quantum
284 329 445 420 participat
473 330 705 396 similitudinem
729 329 851 396 divinae
874 331 1028 413 bonitatis,

107 434 249 507 quaeest
271 421 427 506 objectum
450 421 614 486 voluntatis
638 421 714 506 ejus,
738 421 889 487 intantum
907 425 1028 508 partini·

106 524 158 596 pat
181 510 223 576 de
246 508 445 576 similitudine
460 509 582 574 divinae
606 510 780 588 voluntatis,
795 529 852 597 per
867 530 961 596 quam
977 531 1027 578 res

105 598 322 685 producuntur
333 598 363 662 in
377 618 444 664 esse
456 611 486 662 et
502 612 732 665 conservantur.
745 599 911 686 Superiora
923 614 1027 666 autern

104 686 230 754 divinae
253 687 395 754 bonitatis
418 687 649 752 similitudinem
667 688 848 774 participant
859 688 1028 775 simplicius

103 789 134 842 et
158 777 375 854 universalius,
398 773 544 842 inferiora
561 797 635 842 vero
646 776 862 864 particularius
885 780 1026 863 etmagis

104 864 243 943 divisim3
266 865 350 930 unde
373 877 403 930 et
426 864 505 930 inter
528 885 659 952 corpora
675 867 817 932 caelestia
834 879 864 931 et
881 865 1026 932 inferiora

52 959 53 963 ’
104 975 169 1020 non
195 954 362 1021 attenditur
384 954 734 1020 similitudoseeundum
751 957 1026 1042 aequiparantiam,

103 1045 185 1108 siout
208 1045 240 1109 in
265 1044 313 1108 his
336 1061 416 1128 quae
439 1057 512 1108 sunt
535 1044 626 1108 unius
649 1045 773 1131 speciei,
796 1044 850 1109 sed
867 1045 1025 1110 sioutuui·

103 1131 234 1198 versalia
263 1132 381 1216 agentis
419 1131 459 1196 ad
496 1133 712 1218 particularem
748 1133 902 1198 ellectum.
941 1133 1027 1200 Sicut

102 1221 200 1306 igitur
223 1219 413 1307 particularis
430 1222 548 1304 agentis
565 1222 595 1285 in
608 1221 881 1290 istisiuierioribus
898 1222 1025 1289 intentio

103 1311 298 1376 contrahitur
321 1309 360 1374 ad
383 1309 500 1374 bonurn
524 1309 617 1394 liujus
640 1312 752 1396 speciei
777 1311 825 1376 vel
859 1312 949 1389 illius,
984 1314 1025 1378 ite

103 1400 237 1464 intentio
273 1399 411 1484 eorporis
434 1398 572 1463 caelestis
597 1398 692 1464 fertur
716 1400 755 1464 ad
785 1401 902 1465 bonum
941 1421 1024 1466 eom·

102 1507 202 1553 mune
225 1487 412 1553 substantiae
430 1487 610 1571 corporalis,
626 1508 706 1572 quae
722 1507 778 1574 per
794 1490 1024 1574 generationem

102 1589 306 1650 conservatur
326 1589 356 1640 et
378 1575 598 1662 multiplicatur
620 1590 651 1641 et
674 1589 813 1661 augetur.

171 1664 251 1730 Cum
274 1685 359 1740 vero,
381 1679 415 1730 ut
438 1664 554 1730 dietum
580 1678 635 1744 est,
652 1666 807 1750 quaelibet
830 1687 879 1732 res
896 1669 1024 1741 motaiu

104 1769 256 1840 quantum
279 1766 431 1832 movetur,
454 1753 558 1818 tendat
580 1753 612 1818 in
636 1755 770 1820 divinam
793 1756 1024 1822 similitudinem

103 1857 137 1908 ut
160 1845 199 1910 sit
223 1844 253 1908 in
282 1841 483 1932 sepelienta,
507 1842 678 1928 perlectum
702 1856 805 1910 autem
840 1846 877 1911 sit
911 1865 1024 1911 unum·

103 1932 253 2020 quodque
275 1932 307 1996 in
331 1945 479 2018 quantum
503 1933 537 1996 lit
564 1945 643 2011 actu,
660 1945 780 2020 oportet
796 1935 879 2020 quod
896 1936 1024 2001 intentio

104 2021 270 2107 cujuslibet
293 2021 324 2086 in
347 2021 481 2107 potentia
506 2022 660 2087 existentis
683 2025 721 2087 sit
744 2035 777 2088 ut
811 2041 866 2108 per
903 2037 1023 2089 motum

102 2109 212 2176 tendat
244 2111 276 2175 in
314 2121 428 2174 uotum.
462 2109 586 2191 Quanto
621 2112 714 2196 igitur
736 2112 850 2198 aliquis
869 2125 954 2178 aetus
977 2125 1023 2176 est

100 2199 255 2284 posterior
278 2211 309 2264 et
333 2199 432 2283 magis
455 2198 619 2285 perlectus,
643 2213 729 2265 tanto
752 2201 950 2287 prinoipalius
990 2202 1020 2265 in

102 2288 239 2375 idipsum
277 2287 428 2373 appetitus
467 2288 613 2352 materiae
650 2288 757 2354 lertur.
793 2289 880 2355 Unde
903 2303 1024 2377 oportet

102 2377 188 2462 quud
213 2377 244 2442 in
268 2376 447 2442 ulteriorem
471 2390 502 2441 et
524 2377 780 2463 perfectissimum
804 2391 906 2445 aetum
929 2399 1022 2465 quem

101 2465 232 2532 materia
256 2466 404 2551 ouusequi
428 2479 528 2551 potest
551 2466 655 2532 tendat
689 2466 842 2554 appetitus
875 2469 1023 2534 materiae

101 2573 166 2639 qun
189 2554 305 2642 appetit
326 2553 469 2633 sormam,
493 2555 570 2622 siout
594 2555 624 2620 in
657 2555 801 2621 ultimum
838 2556 933 2624 finem
971 2577 1023 2643 ge·

102 2657 282 2708 nerattonrs.

170 2732 204 2796 ln
231 2731 350 2798 antibus
386 2745 488 2798 nutem
522 2730 704 2809 formarum,
742 2732 856 2817 gradus
894 2735 1021 2820 quidam

102 2821 311 2886 inveniuntur.
335 2820 412 2885 Nam
435 2821 562 2886 materie
594 2823 692 2908 prima
731 2833 777 2886 est
816 2825 846 2888 in
886 2826 1022 2908 potentia

102 2909 239 2995 primum
263 2911 301 2975 ad
324 2908 456 2974 sormam
481 2910 636 2988 elementi3
658 2911 715 2976 sub
740 2910 838 2977 lorma
861 2931 935 2976 vero
959 2913 1021 2976 ele·

101 2999 198 3063 menti
221 2999 365 3078 existens,
388 3012 434 3063 est
457 3000 487 3064 in
511 3001 644 3084 potentia
680 2999 718 3064 ad
753 2997 884 3066 sormam
925 3001 1021 3076 mixti,

101 3088 334 3174 propterquod
368 3088 521 3152 elementa
560 3100 631 3152 sunt
667 3089 795 3156 materia
833 3089 930 3168 mixti
965 3091 1022 3154 sub

101 3174 201 3242 forma
224 3191 327 3242 autern
350 3177 435 3240 mixti
459 3175 661 3255 considerata,
684 3178 784 3242 estin
822 3179 959 3266 potentia
983 3180 1022 3244 ad

105 3267 242 3329 animam
253 3264 473 3352 vegetabilem,
485 3283 557 3328 nam
573 3264 641 3329 talis
654 3267 791 3352 eorporis
809 3267 912 3332 anima
936 3282 1022 3334 aetus

103 3365 149 3418 est
172 3354 231 3443 (l).
255 3353 394 3442 itemque
417 3354 518 3419 anima
542 3353 719 3438 vegetabilis
744 3367 789 3420 est
827 3355 860 3421 in
885 3359 1021 3443 potentia

104 3441 142 3507 ad
165 3441 352 3524 sensitivam,
375 3442 519 3511 sensitiva
542 3463 616 3510 vero
639 3441 678 3508 ad
696 3441 922 3522 intellectivam
938 3445 1023 3532 quod

154 3551 194 3614 (l)
214 3548 283 3604 Ordo
299 3552 432 3604 uelorum
450 3556 498 3604 eet:
516 3543 612 3604 Anima
630 3556 670 3603 est
688 3555 761 3604 actus
779 3550 838 3604 talis
856 3551 985 3620 corporis*
