2516 3968
211 243 277 309 tttt
444 263 499 308 tto.
524 264 564 308 ιιι.
588 264 651 311 etr.
675 265 750 310 ectr.
774 265 812 308 nr
834 264 920 310 ectu.

209 334 283 397 catis
306 331 483 397 detinentur
504 334 560 397 hos
583 335 708 420 quidem
733 334 935 420 praeveniens
959 350 1132 418 convertet,

208 423 276 487 illos
300 435 402 487 eutem
426 423 573 486 sustineat
595 425 660 490 sire
684 424 838 509 permittet
872 422 1041 489 seeundum
1079 447 1132 491 ur·

207 510 312 576 dinem
336 531 440 576 rerum
466 510 648 596 procedere,
673 533 735 578 non
759 525 805 576 est
827 513 905 576 totio
944 512 1132 598 inquirende

208 599 383 682 quarellos
412 615 624 666 converteret
651 617 726 666 'nou
764 601 845 676 ittos;
879 600 938 664 hoc
973 603 1054 666 enim
1092 625 1131 670 ex

207 687 336 774 simplici
361 688 427 774 ejus
451 689 610 755 voluntote
635 689 801 778 dependet,
824 689 901 754 siout
925 709 962 753 ex
1001 692 1132 778 simplici

209 775 275 863 ejus
299 776 456 842 voluntate
479 781 626 864 processit
649 779 744 867 quod,
777 799 848 844 euru
882 780 985 842 omnia
1024 779 1133 846 lierent

104 862 111 876 ⁸
211 887 249 932 ex
271 866 379 942 nihilo,
402 867 554 952 quaedum
578 868 657 934 lecto
679 881 750 933 sunt
773 867 838 932 eliis
861 865 1016 950 digniore,
1038 882 1068 934 et
1090 871 1132 935 si-

211 969 263 1020 cut
285 975 322 1020 ex
345 956 475 1042 simplici
500 956 656 1022 voluntate
687 956 827 1044 procedit
861 955 986 1020 artificis
1025 972 1057 1021 ut
1095 980 1133 1026 cx

211 1045 321 1108 endem
360 1047 488 1110 materie
526 1046 669 1111 similiter
703 1045 853 1132 disposite
881 1045 1035 1130 quaedem
1059 1066 1132 1114 rese

211 1131 323 1198 formet
347 1133 384 1198 ad
408 1135 527 1199 nobiles
552 1157 624 1200 usus
648 1149 678 1200 et
714 1133 867 1220 quaedem
891 1133 929 1196 ed
966 1134 1129 1218 ignobiles.

209 1220 285 1288 Hinc
308 1237 354 1288 est
377 1223 460 1309 quod
482 1224 644 1310 Apostolus
678 1223 759 1288 dicit:
783 1225 893 1287 Antron
915 1223 1008 1288 tuter
1026 1236 1130 1307 potec-

208 1323 301 1376 tatem
325 1314 436 1399 fipuluc
458 1314 515 1376 luti
542 1335 578 1378 err
618 1313 727 1378 eodem
761 1333 867 1376 moseo
900 1311 1003 1394 socero
1040 1313 1131 1378 uliud

204 1402 326 1484 quidem
343 1423 399 1466 coe
421 1402 453 1464 iu
477 1403 632 1478 honorem,
646 1404 735 1466 aliud
750 1421 822 1466 vero
846 1403 879 1464 in
895 1402 1129 1468 contumeliam?

205 1489 305 1564 Rom..
329 1489 360 1567 9,
384 1489 437 1556 ll.

273 1577 331 1644 Per
354 1570 414 1644 hoc
437 1593 539 1644 nutent
564 1577 739 1645 excluditur
764 1598 852 1644 error
882 1575 1035 1662 origenis,
1073 1580 1127 1664 qui

158 1686 161 1692 ·
205 1667 325 1733 dicebat
348 1669 405 1733 lios
429 1667 467 1732 ed
492 1669 591 1733 Deum
617 1669 755 1732 converti
776 1682 806 1732 et
823 1685 884 1732 non
903 1667 988 1743 elios,
1002 1682 1129 1754 propter

206 1757 306 1842 eliqua
330 1779 423 1844 opera
447 1777 527 1842 qoee
550 1759 671 1822 animae
687 1777 795 1822 eorum
812 1755 947 1820 iecerunt
961 1771 1127 1841 antequem

205 1845 386 1933 corporibus
409 1847 581 1924 unirentur3
604 1845 822 1934 quecquidenr
847 1845 957 1932 positio
970 1846 1127 1932 improbe-

207 1934 677 2020 quZcffiuffi.

502 2055 560 2122 CA
574 2056 597 2121 P
611 2057 674 2122 U'l
709 2055 823 2122 Clllll.
1019 2135 1022 2140 Ι

309 2160 400 2242 Quod
422 2161 506 2228 Deus
528 2164 643 2228 nemini
665 2174 711 2228 eet
734 2183 831 2228 cotton
850 2161 1014 2246 peccandi.

267 2283 415 2366 Quamvis
440 2299 542 2350 autern
567 2285 719 2368 quosdam
744 2297 922 2370 peccatores
963 2283 1045 2350 [leus
1083 2283 1126 2350 ud

199 2394 232 2438 εε
256 2393 317 2437 non
342 2389 511 2451 convertet,
534 2375 589 2439 sed
613 2376 643 2438 in
668 2375 799 2460 peccetis
818 2373 988 2438 seeundum
1013 2393 1126 2436 eorunr

200 2462 309 2526 merite
332 2483 385 2526 eos
410 2463 573 2550 relinquat,
598 2484 659 2528 non
685 2479 787 2527 tumen
810 2462 914 2528 eosed
932 2461 1126 2548 percendum

202 2549 327 2614 inducit.

102 2709 104 2718 A
270 2638 414 2704 llonrines
438 2641 519 2704 enim
546 2653 673 2724 peccunt
696 2661 753 2726 per
776 2638 836 2705 hoe
874 2638 959 2724 quod
997 2638 1126 2704 devient

203 2727 243 2792 eb
266 2728 343 2812 ipso,
367 2728 418 2813 qui
442 2745 487 2794 est
511 2729 637 2794 ultimus
661 2728 740 2806 finis,
764 2742 797 2792 ut
835 2748 872 2794 ex
910 2727 1124 2813 superioribus

205 2822 246 2906 (c.
274 2817 335 2881 tt3
359 2831 389 2882 et
415 2817 491 2896 157)
516 2832 606 2904 putet.
646 2817 722 2882 Cum
758 2832 862 2882 eutem
896 2836 990 2880 omne
1027 2835 1125 2900 egens

202 2919 273 2990 eget
296 2907 516 2992 adpropriutn
542 2907 635 2971 sinent
660 2921 689 2972 et
710 2907 767 2972 sibi
791 2907 1039 2983 convenientem,
1061 2907 1124 2968 irn-

202 2995 346 3080 possibile
370 2996 532 3081 estquod,
557 2995 622 3060 Deo
646 3011 768 3081 egente,
807 2993 902 3080 aliqui
943 3007 1124 3060 evertentur

202 3082 241 3148 ub
265 3084 373 3148 ultinro
396 3083 468 3162 dne,
491 3086 542 3170 qui
566 3083 651 3149 Deus
675 3099 730 3150 est.
756 3082 948 3170 impossibile
965 3082 1123 3167 igiturest

202 3172 284 3258 quod
309 3174 391 3237 Deus
415 3173 533 3258 aliquos
558 3194 685 3260 peccare
710 3173 810 3237 iaciat.

268 3261 354 3340 ltem,
377 3261 500 3326 Bonum
523 3283 614 3328 cause
637 3262 710 3327 meli
734 3282 801 3327 esse
824 3281 885 3324 nou
911 3274 1020 3344 potest.
1058 3260 1121 3326 Sed

200 3365 358 3436 peceatum
383 3365 428 3416 est
452 3351 586 3416 ltorninie
622 3351 749 3426 meloten
784 3349 990 3416 contrarietur
1028 3351 1113 3414 enirn

200 3439 325 3523 proprio
359 3439 491 3502 hominis
516 3441 608 3518 bono,
631 3441 713 3526 quod
737 3454 782 3504 est
806 3441 909 3504 rivere
945 3439 1119 3502 seeundum

200 3527 361 3588 rationem.
387 3527 576 3611 impossibile
599 3543 644 3592 est
668 3530 760 3613 igitur
782 3529 866 3614 quod
891 3527 975 3592 Deus
999 3528 1036 3592 sit
1058 3527 1117 3592 eli·

197 3611 247 3674 eui
270 3631 362 3676 ceusu
384 3609 541 3700 peccandi.
