2452 3970
344 220 399 264 um.
423 209 464 262 itt.
487 216 551 262 ote.
577 219 635 262 tut.
662 215 697 261 at
720 194 777 262 tit.
966 195 1027 261 titt

97 288 225 376 ligendi,
252 289 334 376 quod
358 287 475 352 dieitur·
491 306 558 352 case
580 286 644 352 lux:
668 286 745 350 Erat
769 287 822 350 tuo
856 303 1031 370 uetu,quue

95 381 260 445 illuminat
279 397 400 442 omnem
422 376 576 441 nominent
596 378 765 442 uenientem
787 375 819 437 in
842 372 922 440 hunc
944 395 1030 440 mutt-

93 471 179 547 dum‚
198 469 302 545 duan,
327 469 356 545 1,
379 465 411 543 9;
434 479 473 530 et:
498 465 659 530 Donatum
696 476 750 541 eat,
777 465 790 528 1
832 465 920 529 ioan.
946 464 975 539 1,
999 465 1030 540 5;

93 573 133 622 ct:
157 559 303 622 Amiotut
327 557 440 621 iumine
463 557 542 620 ticut
564 557 754 633 uestimento,
792 553 917 632 Psalm„
958 554 1031 630 105,

91 649 122 724 1;
146 660 177 712 et
203 659 334 732 propter
357 645 416 710 hoc
437 644 530 710 etiam
554 656 616 708 tam
641 643 725 708 Deus
748 661 841 730 quam
858 639 975 727 Ange-li,
999 645 1028 706 in

92 755 180 801 sacra
209 735 382 822 Scriptum,
405 735 435 800 in
461 733 567 820 figuris
592 733 671 818 ignis
710 731 936 809 describuntur,
960 749 1030 818 pto·-

94 837 164 910 ptee
189 825 273 911 ignis
296 815 474 890 claritatem.

419 999 709 1069 CAPUTLIV.

151 1182 304 1247 Rationes
327 1193 435 1248 contro
457 1180 651 1272 praedictum
673 1180 969 1257 determinationem,

386 1282 542 1336 eteorum
564 1271 739 1334 solutiones.

156 1447 294 1533 Objieict
317 1461 420 1514 autem
444 1448 552 1532 aliquis
575 1460 680 1512 contra
704 1445 869 1534 praedicta.

155 1538 286 1603 Nullum
310 1539 392 1602 enim
417 1537 521 1602 iumen
545 1535 712 1605 adueniens
746 1536 822 1599 visui
861 1548 959 1621 potest
983 1539 1025 1601 vi·
1129 1527 1132 1533 “

90 1645 159 1690 sum
184 1627 308 1692 eleuare
332 1628 370 1692 ad
394 1625 561 1691 videndum
584 1645 620 1708 ea
655 1643 733 1710 quae
771 1627 940 1690 naturalem
980 1626 1024 1690 i-

93 1714 240 1780 euitatem
266 1716 347 1781 visus
370 1715 538 1802 corporalis
562 1713 722 1792 excedunt;
746 1733 808 1778 non
825 1714 908 1778 enim
925 1728 1024 1801 potest

92 1803 173 1870 visus
198 1805 306 1870 videre
329 1806 387 1870 nisi
409 1805 553 1888 colorata.
577 1804 687 1869 Divina
716 1815 818 1866 autem
856 1803 1023 1870 substantia

92 1895 213 1959 excedit
238 1914 364 1958 omnem
388 1893 560 1959 intellectus
584 1892 678 1958 creati
701 1891 899 1978 capacitatem
918 1893 1023 1978 'magis

93 1999 185 2066 quam
202 1983 383 2049 'intellectus
405 1983 532 2048 excedat
554 1982 752 2070 capacitatem
791 2001 909 2047 sensus.
933 1983 1023 2048 Nullo

93 2069 185 2153 igitur
209 2073 329 2138 lumine
351 2071 599 2156 superveniente,
622 2071 795 2136 intellectus
817 2085 937 2136 creatus
961 2072 1022 2136 cle,-
1060 2145 1066 2156 ,

93 2161 154 2224 vari
179 2162 294 2247 poterit
317 2160 354 2226 ad
378 2161 513 2225 divinam
535 2160 736 2226 substantiam
759 2157 934 2225 videndam.

158 2249 335 2328 Praeterea,
359 2249 569 2330 Lumeniliud
593 2248 675 2334 quod
692 2249 723 2312 in
740 2247 896 2314 intellectu
919 2263 1023 2314 meato

93 2337 240 2424 recipitur
262 2351 398 2403 creatum
424 2337 537 2424 aliquid
562 2352 617 2402 est.
641 2337 743 2422 ipsum
768 2356 842 2421 crgo
866 2339 897 2402 in
921 2338 1020 2404 infini-

93 2436 157 2490 tum
182 2450 199 2492 a
226 2427 293 2492 Deo
316 2427 416 2492 distat.
440 2427 507 2492 Non
547 2427 590 2490 sie
624 2426 716 2512 igitur
755 2445 810 2511 per
843 2427 1022 2511 hujusmodi

94 2509 200 2582 lumen
227 2516 398 2583 intellectus
422 2527 542 2581 creatus
564 2514 605 2579 ad
643 2515 764 2579 divinae
790 2519 941 2590 essentiae
979 2518 1022 2582 ui-

93 2601 213 2670 sionem
237 2605 350 2670 elevari
373 2617 482 2693 potest.

162 2692 250 2774 item,
272 2693 304 2758 Si
327 2694 387 2760 hoc
410 2693 535 2780 quidem
560 2704 660 2779 potest
682 2691 783 2758 iacere
805 2692 910 2759 iumen
934 2715 1023 2782 prae-

96 2775 212 2848 dictum
260 2783 319 2874 (i),
343 2798 468 2870 propter
506 2783 565 2846 hoo
600 2781 682 2866 quod
717 2794 764 2846 est
796 2781 918 2848 divinae
952 2786 1023 2850 sub-

97 2871 412 2949 stantiaasimilitudo‚
424 2891 495 2936 cum
512 2871 613 2936 omnis
626 2869 838 2934 intellectualis
854 2874 1021 2938 substantia

97 2971 132 3019 cx
157 2959 217 3026 hoc
239 2962 306 3046 ipso
329 2961 411 3048 quod
426 2959 639 3024 intellectualis
661 2971 707 3022 est
729 2958 863 3024 divinam
880 2961 1022 3025 similitu·

98 3041 201 3114 dinem
240 3061 337 3134 gerat,
375 3050 439 3135 ipsa
477 3062 585 3113 natura
608 3045 772 3132 cujuslibet
809 3047 1022 3114 intellectualis

98 3133 285 3203 substantiae
308 3137 347 3202 ad
370 3137 519 3202 visionem
544 3134 679 3200 divinam
703 3134 844 3201 suiiiciet.

162 3226 282 3306 Adhuc,
303 3227 335 3292 Si
359 3227 465 3292 lumen
488 3225 573 3291 iliud.
589 3237 726 3290 creatum
750 3225 894 3304 est,nihii
917 3239 1021 3292 autem

151 3363 189 3427 ttt
207 3365 238 3418 Si
255 3367 302 3420 doc
320 3367 422 3436 quidem
437 3372 548 3436 potest...
569 3365 640 3418 Ordo
658 3365 800 3420 verborum
818 3371 866 3420 est:
886 3365 912 3418 Si
933 3368 1021 3420 iumen

102 3435 257 3494 praedictum
307 3445 374 3491 otest
403 3437 450 3506 hoc
480 3437 575 3504 iacere.
608 3437 705 3490 seilicet
733 3439 834 3492 elevare
863 3439 1020 3493 intellectum

100 3511 211 3561 creatum
230 3509 261 3563 ad
282 3455 384 3575 divinae
402 3511 528 3564 esseutiae
553 3509 722 3566 visionemt...
