2494 3970
1138 167 1148 215 'l

906 174 942 268 ‚J
1109 226 1130 291 ,Ι

240 287 283 352 82
564 301 621 347 ιιιι.
644 304 687 347 ιιι.
711 303 776 350 tter.
798 303 877 354 xxvt.
892 287 907 317 '⁴
1132 349 1134 357 ,

239 376 362 450 domus,
385 389 477 456 quam
501 370 595 437 etiam
618 367 669 438 illa
693 391 773 458 quae
797 371 912 440 faciunt
929 369 980 458 'ed
1004 369 1065 438 hoc
1159 368 1179 433 d

239 485 315 530 usus
337 461 448 526 domus
470 457 508 524 sit
524 462 766 541 convenientior,
789 461 868 528 siout
890 302 1181 731 pulchritudpfftt·

238 573 318 620 mus.
343 546 420 614 lllud
437 547 546 631 ,igitur
568 549 652 635 quod
675 564 722 616 εει
754 549 900 638 perfectio
924 551 968 614 rei
1000 557 1096 638 secuti
1121 567 1180 614 um

239 641 323 728 quod
343 637 410 723 jam
425 637 518 702 habet
540 639 686 723 speciem,
701 654 747 708 est
769 639 838 706 finis
854 639 961 727 ipsius,
978 655 1012 704 ut
1028 637 1067 704 ha
1101 637 1182 702 tatio

239 747 285 796 est
301 730 371 794 linis
393 726 514 792 domus.
538 726 574 792 Et
595 727 735 794 similiter
758 729 882 816 propria
906 727 1045 814 operatio
1072 725 1182 811 cujus-

240 821 316 886 libet
338 815 394 894 rei,
417 833 497 899 quae
520 827 565 882 est
589 817 675 902 quasi
700 839 773 884 usus
795 818 874 904 ejus,
905 830 952 884 est
976 816 1046 882 linis
1068 811 1180 902 ipsius.

241 910 330 990 Quae
352 919 457 970 autem
480 918 551 970 sunt
585 905 789 992 perfectiones
812 908 857 974 rei
880 903 919 972 ad
942 906 1090 992 speciem,
1112 925 1182 970 non

240 1011 312 1062 sunt
350 993 419 1058 finis
450 994 505 1073 rei;
531 993 594 1060 imo
618 1015 667 1062 res
701 1008 748 1062 est
770 995 840 1062 [inis
874 997 1022 1082 ipsarum;
1046 993 1179 1058 materia

241 1087 372 1150 enimet
395 1081 495 1150 forma
510 1095 582 1148 sunt
597 1096 722 1171 propter
744 1085 890 1171 speeiem
914 1083 984 1150 licet
1006 1085 1088 1150 enim
1111 1081 1178 1148 for-

242 1195 293 1239 ma
316 1174 355 1238 sit
377 1170 446 1237 finis
480 1173 700 1256 generationis,
731 1194 794 1240 non
818 1186 920 1240 tamen
951 1186 997 1238 est
1019 1171 1089 1240 finis
1107 1169 1177 1256 jam

244 1261 383 1347 generati
407 1273 437 1324 et
459 1260 593 1347 speciem
618 1260 771 1341 habentis3
795 1263 857 1328 imo
881 1261 996 1328 adhoc
1018 1264 1178 1347 quaeritur
1236 1263 1237 1300 l

244 1353 345 1416 forma
363 1362 396 1413 ιιι
411 1350 529 1435 species
544 1349 582 1414 sit
597 1349 762 1437 completa.
786 1350 933 1429 Similiter
960 1350 1177 1416 conservantia

243 1461 310 1504 rem
328 1441 358 1503 in
382 1458 437 1502 sua
461 1438 573 1537 specie,
599 1451 632 1503 ut
661 1440 774 1504 sanitas
798 1453 829 1506 et
851 1441 896 1506 vis
920 1439 1075 1516 nutritiva,
1104 1437 1177 1504 licet

243 1527 403 1616 perficiant
418 1526 543 1606 animal,
565 1547 628 1592 non
645 1540 748 1593 tamen
763 1541 834 1594 sunt
851 1527 920 1594 finis
943 1527 1096 1603 animalis,
1119 1526 1176 1593 sed

243 1617 341 1702 magis
364 1636 381 1680 ε
404 1622 563 1697 converso.
587 1616 627 1681 Ea
651 1617 742 1682 etiam
767 1617 879 1703 quibus
912 1631 1034 1703 aptatur
1056 1637 1105 1682 res
1136 1616 1176 1680 ad

243 1705 388 1792 proprias
418 1701 611 1790 operationes
644 1705 757 1792 speciei
780 1705 984 1792 perficiendas
999 1719 1030 1770 ει
1052 1705 1092 1772 ad
1118 1704 1175 1768 de·

243 1795 343 1860 bitum
361 1791 461 1858 linem
482 1797 701 1878 congruentius
723 1794 992 1882 consequendum,
1018 1814 1080 1860 non
1103 1806 1177 1860 sunt

244 1883 315 1950 linis
348 1881 404 1958 rei,
427 1881 481 1948 sed
506 1883 603 1967 magis
630 1903 830 1962 econverso;
865 1884 942 1950 sicut
965 1881 1176 1970 pulchritudo

244 1971 382 2037 hominis
405 1984 435 2035 et
461 1969 557 2036 robur
594 1972 732 2058 corporis
755 1986 785 2036 et
818 1971 876 2038 alia
905 1970 1097 2057 hujusmodi,
1136 1971 1177 2038 de

245 2060 358 2147 quibus
391 2059 463 2124 dicit
496 2059 701 2148 Philosophus
725 2061 859 2145 (Euhie,
885 2062 914 2140 l,
936 2081 964 2128 c.
989 2060 1057 2140 ld)
1087 2060 1176 2147 quod

245 2149 390 2234 organice
406 2148 584 2214 deserviunt
601 2179 604 2184 ·
619 2149 767 2216 felicitati.
798 2149 967 2228 Delectatio
990 2161 1094 2215 autem
1130 2163 1180 2216 est

246 2236 393 2325 perfectio
417 2238 616 2323 operationis,
644 2258 708 2304 non
732 2239 773 2304 ita
799 2237 883 2324 quod
905 2237 945 2303 sd
968 2237 1067 2327 ipsam
1091 2238 1178 2304 ordi·

246 2341 338 2392 netur
367 2327 505 2413 operatio
539 2326 710 2394 secundum
746 2346 835 2392 suam
868 2327 1015 2413 speciem,
1044 2325 1100 2394 sed
1124 2346 1179 2392 or·

246 2415 369 2480 dicatur
392 2414 430 2480 ad
454 2414 530 2480 alios
553 2415 641 2494 fines,
675 2415 754 2480 sicut
776 2417 925 2482 comestio
949 2414 1113 2482 ordinatur
1135 2417 1178 2482 ad
1235 2441 1236 2458 ι

246 2504 512 2570 conservationem
538 2502 765 2579 individohsed
781 2516 827 2568 est
861 2503 970 2570 similis
993 2503 1179 2592 perfectioni

247 2613 326 2679 quae
350 2592 509 2658 ordinatur
532 2591 572 2656 ad
594 2591 730 2680 speciem
753 2593 809 2669 rei;
842 2613 914 2660 nam
939 2607 1064 2680 propter
1086 2592 1178 2660 dele·

233 2677 412 2748 ‘stationem
453 2681 597 2746 attentius
620 2693 650 2744 et
673 2679 831 2746 decentius
865 2682 1037 2768 operationi
1061 2681 1179 2748 insisti-

245 2792 316 2838 mus
354 2771 385 2834 in
412 2788 472 2854 qua
511 2767 709 2834 delectemur.
733 2767 820 2834 Unde
858 2770 1064 2857 Philosophus
1099 2769 1180 2838 dicit

246 2859 370 2946 (Echio,
395 2857 447 2934 ff),
469 2876 493 2925 c.
520 2855 557 2942 l)
580 2856 663 2944 quod
686 2857 847 2924 delectatio
871 2859 989 2944 perficit
1019 2861 1178 2946 operatio-

246 2969 331 3022 nem,
355 2945 434 3012 sicut
449 2943 543 3010 decor
554 2943 759 3029 juventutem3
774 2947 827 3031 qni
843 2947 968 3033 quidem
983 2962 1029 3014 est
1045 2963 1178 3036 propter

246 3057 318 3103 eum
344 3035 394 3098 cui
427 3034 506 3098 inest
524 3031 681 3118 juventus,
702 3048 733 3100 et
756 3055 819 3100 non
842 3054 860 3100 e
883 3055 1044 3102 converso.

313 3123 420 3207 Neque
444 3136 547 3188 autem
570 3123 653 3210 quod
688 3123 925 3190 delectationem
958 3145 1021 3191 non
1045 3138 1178 3212 propter

248 3213 333 3280 aliud
348 3209 455 3278 volunt
467 3211 697 3288 hominen-sed
713 3226 838 3300 propter
861 3212 1005 3300 seipsam,
1020 3227 1067 3280 εει
1090 3197 1180 3280 suhi·
1234 3235 1235 3284 t

246 3303 331 3368 ciens
354 3299 477 3383 signum
500 3299 584 3388 quod
607 3300 769 3371 delectatio
782 3301 831 3366 sit
854 3300 980 3367 ultimus
996 3303 1077 3372 finis.
1093 3303 1178 3370 sicut

246 3391 333 3456 tertia
358 3389 435 3454 ratio
459 3389 672 3456 concludebat.
712 3388 789 3454 Nam
814 3387 988 3470 delectatio,
1026 3391 1083 3456 etsi
1108 3411 1177 3458 non

245 3482 283 3545 sit
320 3477 446 3544 ultimus
463 3477 542 3554 finis,
566 3492 731 3544 esttamen
756 3476 898 3543 ultimum
935 3477 1031 3546 linem
1056 3499 1176 3548 conco·

247 3569 453 3650 misoscum
477 3585 513 3633 ει
537 3566 700 3655 adeptione
711 3564 781 3634 finis
796 3563 958 3634 delectatio
989 3584 1175 3658 consurgat.
