2514 3972
415 243 476 296 ura.
501 251 541 298 ιιι.
566 252 629 298 atr.
653 203 720 298 cim.
973 229 1039 300 ato

120 318 310 385 contrariam
335 319 515 406 pulmonem
540 342 608 387 esse
635 335 759 409 propter
793 340 847 387 cor
861 333 891 385 et
915 337 1040 410 propter

120 419 219 474 totum
243 409 366 486 animal3
389 424 419 475 et
441 411 581 476 similiter
604 432 666 475 non
690 422 736 476 est
758 411 943 475 contrarium
964 412 1039 476 alias

119 509 245 562 naturas
276 519 343 564 esse
361 512 484 586 propter
503 499 722 566 intellectuales
744 512 775 563 et
794 512 919 586 propter
942 499 1039 585 peria

119 583 254 652 ctionem
275 586 419 666 universi;
441 589 560 654 sienim
584 587 784 666 deessent-ca
808 608 887 674 quae
911 589 1037 674 requirit

118 674 308 743 substantiae
331 677 541 744 intellectualis
565 677 723 766 perfectio,
749 697 812 742 non
836 691 938 742 esseut
972 679 1040 742 uni·

120 782 244 830 versum
268 766 464 852 completum.

187 851 333 918 Similiter
355 855 446 919 etiam
470 855 632 942 praedictis
654 875 715 920 non
740 853 842 918 obviat
865 852 1039 940 quodindi·

123 939 214 1005 vidua
237 957 308 1007 sunt
331 958 456 1030 propter
478 946 615 1030 proprias
638 944 765 1030 species.
790 943 849 1008 Per
872 945 930 1007 hoc
953 943 1036 1007 enim

121 1031 204 1114 quod
218 1031 256 1094 ad
272 1052 341 1096 suos
364 1023 480 1117 species
495 1034 684 1110 ordinantem
709 1031 849 1096 ordinem
863 1031 977 1096 habent
993 1032 1038 1096 ul·

122 1120 218 1184 terius
241 1119 278 1183 ad
304 1121 539 1186 intellectualem
563 1136 715 1196 naturam3
739 1121 896 1184 nonenim
913 1120 1036 1206 aliquod

119 1209 365 1294 corruptibilium
389 1209 550 1275 ordinator
566 1211 603 1274 ad
629 1211 787 1275 hominem
801 1223 926 1295 propter
941 1229 1037 1273 unum

119 1295 313 1362 individuum
338 1299 471 1364 hominis
497 1313 627 1376 tantum,
649 1299 703 1364 sod
728 1311 852 1384 propter
868 1310 961 1362 totam
980 1299 1036 1362 hu·

119 1404 243 1450 menam
268 1388 412 1472 specienr;
437 1389 489 1453 toti
513 1403 615 1452 autem
637 1388 793 1452 humanae
827 1387 939 1471 speciei
974 1407 1036 1450 nou

119 1489 223 1562 posset
245 1472 368 1562 aliquod
391 1477 637 1563 corruptibilium
661 1475 817 1540 deservire
845 1475 903 1539 nisi
927 1493 1038 1540 secun·

119 1564 196 1626 dum
219 1583 306 1628 suam
330 1565 464 1651 speciem
489 1579 594 1644 totam;
618 1565 695 1630 ardo
718 1583 793 1648 crgo
830 1583 893 1650 quo
930 1583 1037 1628 corru-

119 1651 237 1738 ptibilia
261 1653 442 1718 ordinantur
465 1653 503 1718 ad
528 1654 687 1719 hominem
711 1653 838 1739 requirit
871 1651 954 1738 quod
992 1653 1038 1716 in·

120 1740 245 1806 dividua
269 1741 451 1808 ordinentur
473 1743 510 1807 od
534 1743 678 1830 speciem.
771 1763 785 1790 ν
877 1747 878 1754 ’

187 1828 246 1894 Per
269 1831 328 1896 lroa
351 1845 452 1896 autern
477 1833 559 1918 quod
583 1833 713 1896 dicimus
736 1829 918 1896 substantias
949 1829 1038 1894 intel·

118 1917 265 1983 lectualcs
288 1933 411 2007 propter
434 1941 466 1985 se
490 1943 506 1984 a
530 1921 631 1985 divina
666 1921 855 2006 providentia
892 1917 1039 1997 ordinari,

118 2027 182 2072 non
205 2007 403 2093 intelligimus
426 2010 508 2096 qttod
534 2011 597 2096 ipsa
621 2009 748 2074 ulterius
782 2027 843 2072 ιιοιι
868 2005 1038 2072 reserantur

118 2095 275 2160 inDeum
299 2099 390 2161 etad
422 2098 640 2184 perlectionem
676 2098 819 2162 universi.
858 2095 908 2160 Sia
946 2097 1038 2179 igitur

117 2198 244 2272 propter
266 2205 299 2250 se
321 2189 478 2272 procurari
502 2183 646 2252 dicamur
669 2199 699 2252 et
722 2186 780 2252 alia
815 2197 939 2272 propter
961 2187 1037 2270 ipsa;

116 2273 190 2358 quia
213 2273 293 2338 bona
317 2295 396 2360 quae
420 2290 544 2362 propter
569 2276 703 2339 divinam
727 2273 949 2361 prouidentiam
972 2293 1037 2337 sor-

119 2365 236 2427 tiuntur
259 2384 320 2426 non
345 2365 388 2428 eis
412 2379 483 2428 sunt
506 2365 574 2429 data
600 2364 859 2450 propterolterius
878 2361 1037 2426 utilitatem

117 2470 199 2536 quae
222 2471 294 2516 vero
317 2451 383 2516 aliis
406 2452 528 2530 dantur,
555 2454 586 2516 in
609 2472 716 2517 eorum
740 2473 830 2518 usum
864 2470 901 2514 ert
935 2451 1036 2518 divina

117 2539 313 2605 ordinatione
341 2541 464 2606 cedunt.

99 2657 106 2663 ·
184 2627 261 2693 ilino
283 2643 328 2693 cst
350 2630 432 2716 quod
457 2629 576 2694 dicitur:
600 2629 646 2695 Ne
668 2629 774 2695 videos
807 2631 902 2696 solem
926 2640 955 2693 ct
989 2629 1036 2714 lu-

117 2737 193 2780 tram
216 2729 246 2782 et
266 2720 371 2782 omnia
393 2730 481 2784 astra
503 2719 591 2798 caeli,
614 2730 643 2783 et
665 2738 770 2784 errare
791 2719 936 2801 deceptas
958 2719 1038 2782 ada·

115 2825 168 2870 rea
190 2827 238 2884 aa,
272 2818 301 2870 et
323 2809 407 2872 aolaa
429 2827 507 2892 qaae
530 2809 647 2873 creavit
669 2808 816 2872 Dominus
852 2808 933 2870 Deus
967 2818 1037 2872 taur

115 2895 151 2958 itt
176 2894 380 2960 ministerium
402 2898 516 2961 cunctis
537 2896 675 2982 qentibot
694 2916 771 2980 qaae
786 2893 842 2960 aab
857 2897 941 2960 caela
956 2908 1037 2975 sunt,

116 2983 242 3048 Deuter.
257 2984 288 3064 ι,
303 2985 354 3064 193
366 2998 395 3048 et
407 2985 526 3050 dtcitor':
552 2985 662 3049 Omnia
677 2985 829 3070 subjecisti
839 2984 895 3048 attii
904 2984 1036 3068 pedibas

116 3075 183 3156 ejus
193 3093 264 3137 oves
277 3085 308 3138 et
323 3073 411 3138 loves
432 3077 602 3153 universas,
617 3075 743 3157 insuper
754 3085 785 3138 et
796 3093 909 3158 pecora
925 3077 1036 3155 campi,

117 3160 197 3226 Psal.
232 3163 264 3237 8,
287 3161 319 3238 8;
342 3177 381 3227 et:
409 3163 455 3227 ‘ru
488 3173 590 3227 autem
613 3165 789 3228 dominator
811 3161 952 3240 virtutos,-
968 3181 1037 3227 cum

118 3251 344 3334 tranquillitate
359 3251 497 3335 judicor,
521 3263 552 3316 et
573 3272 641 3317 cam
663 3272 779 3334 maana
800 3253 973 3317 reverentia
988 3253 1035 3316 ‹tt-

117 3341 226 3424 rpam's
249 3359 314 3418 aas,
337 3341 420 3427 Sap„
445 3340 497 3415 ta,
522 3340 572 3404 18.

184 3427 244 3493 Per
267 3429 325 3494 ltoc
347 3443 450 3494 autent
474 3429 644 3494 excluditur
666 3447 752 3494 error
776 3429 954 3516 ponentium
980 3431 1036 3495 ιιο-

117 3518 193 3583 mini
218 3538 284 3585 esse
301 3531 466 3608 'peceatum
488 3518 514 3587 si
536 3518 679 3586 animalia
718 3519 806 3586 bruta
845 3517 975 3601 occidat,
997 3539 1035 3586 ox
