2514 3972
228 217 294 282 atu
539 238 595 283 ιιιι.
619 237 661 282 ιιι.
684 235 747 283 etr.
772 237 830 284 crx.

228 320 330 371 autern
355 305 548 392 operationes
580 305 742 372 sensitivae
775 307 896 372 animae
929 325 993 371 non
1029 304 1153 394 possint

229 415 298 460 esse
334 395 400 462 siue
434 414 573 483 corpore,
606 397 677 461 binc
710 409 837 484 apparet
869 395 964 482 quod,
1000 409 1154 496 corrupto

228 483 332 570 aliquo
355 503 472 568 organo
501 485 662 550 sentiendi.
691 486 900 586 corrumpitur
921 486 1061 572 operatio
1087 505 1151 548 una

226 593 345 651 sensus,
367 573 455 648 sicut,
482 587 626 660 corrupto
660 573 762 653 oculo,
785 575 862 639 visio
885 574 998 650 delicie
1022 587 1153 668 propter

226 661 321 749 quod,
342 676 486 749 corrupto
509 683 625 748 organo
654 675 762 742 tactus,
784 662 851 728 sine
873 683 936 750 quo
958 683 1021 728 non
1046 676 1151 749 potest

227 770 295 817 esse
317 750 441 828 anirnal,
463 765 583 837 oportet
605 751 688 838 quod
712 751 824 816 anirnal
847 753 1005 816 moriatur.

293 839 339 904 Ad
368 839 551 906 euidentiam
589 855 692 905 autern
727 841 913 928 praemissae
948 838 1151 906 dubitationis

227 929 485 994 considerandum
509 941 555 994 cst
584 931 679 1015 quod,
701 931 779 995 sicut
801 943 847 994 est
879 928 957 994 ordo
978 929 1011 993 in
1045 930 1150 996 causis

228 1017 398 1102 agentibus,
423 1017 462 1081 ita
494 1019 585 1082 etiam
621 1021 651 1084 in
676 1020 776 1084 causis
799 1018 952 1098 finalibus,
975 1029 1008 1083 ιιι
1029 1015 1149 1082 scilieet

226 1107 427 1173 secundarius
449 1107 558 1172 llnlsa
593 1108 752 1194 principali
788 1106 972 1194 dependeat,
995 1107 1074 1172 sicut
1098 1125 1147 1172 se-

227 1195 409 1260 cundarium
444 1216 539 1280 agens
577 1217 593 1260 a
632 1196 791 1283 principali
829 1197 993 1282 dependet.
1028 1194 1149 1260 Accidit
1244 1263 1245 1292 i

227 1296 329 1348 autem
352 1298 510 1372 peccatum
536 1285 565 1348 in
589 1287 687 1350 causis
710 1285 870 1369 agentibus
887 1287 1010 1371 quando
1032 1304 1149 1350 seeun-

227 1373 346 1438 darium
381 1393 475 1458 agens
508 1375 569 1438 erit
591 1375 629 1439 ab
663 1374 772 1439 ordine
805 1374 978 1460 principalis
1012 1374 1148 1458 agentia
1244 1443 1245 1450 χ

227 1462 315 1540 sicut,
338 1482 407 1527 curn
432 1462 503 1527 tibia
528 1461 630 1527 deficit
653 1477 777 1550 propter
798 1483 887 1528 suam
908 1464 1088 1528 curvitatem
1106 1463 1147 1527 ab
1244 1505 1245 1508 =

227 1552 406 1617 executione
429 1565 531 1616 motus
553 1572 645 1637 quern
671 1555 764 1617 virtus
780 1553 943 1638 appetitiva
958 1552 1147 1637 imperabat,
1244 1575 1245 1580 ¹

226 1641 363 1713 seuuitur
385 1639 576 1704 claudicatio.
599 1639 649 1705 Sic
673 1642 763 1726 igitur
778 1655 809 1704 ct
824 1643 854 1704 in
870 1642 969 1706 causis
985 1639 1146 1716 finalibus,

225 1747 297 1794 eum
321 1729 389 1794 linis
411 1727 610 1794 secundarius
640 1749 702 1794 non
736 1729 910 1795 continetur
942 1729 1001 1794 sub
1030 1729 1146 1794 ordine

225 1817 400 1904 principalis
437 1816 531 1896 finis,
565 1830 612 1882 est
648 1833 807 1904 peccatum
841 1818 1015 1897 uoluntatis,
1052 1816 1146 1902 cujua

225 1904 379 1991 objectum
403 1919 448 1970 est
482 1904 597 1970 bonurn
613 1921 651 1972 'et
673 1907 751 1972 finis.
775 1906 937 1988 Quaelibet
959 1921 1063 1972 autem
1088 1926 1144 1971 vo·

224 1993 324 2060 luntas
355 1995 532 2060 naturaliter
565 1995 629 2060 vult
666 1996 742 2061 illud
777 1996 859 2082 quod
894 2010 940 2062 est
978 1994 1142 2083 proprium

223 2081 351 2148 uolentis
375 2082 502 2164 bonum,
525 2082 676 2150 scilicet
669 2105 769 2171 ipsum
792 2105 860 2150 csse
894 2083 1076 2172 perlectum,
1110 2098 1144 2148 et

222 2191 285 2237 uon
309 2185 409 2260 potest
437 2174 624 2238 contrarium
662 2173 752 2258 hujus
776 2173 862 2238 uelle.
898 2175 931 2239 ln
960 2173 1011 2239 illo
1044 2173 1143 2256 igitur·
1243 2251 1244 2254 Ἴ

221 2261 342 2326 volente
365 2261 483 2326 nullutn
508 2275 606 2349 potest
627 2275 786 2350 peecatum
810 2262 972 2328 uoluntatis
995 2261 1143 2326 accidere
1243 2255 1244 2270 ¹

220 2349 307 2435 cujus
331 2351 447 2415 bonum
471 2365 516 2416 est
541 2351 665 2416 ultianus
689 2351 768 2429 linis;
795 2351 879 2438 quod
903 2351 953 2437 (l)
975 2370 1038 2416 non
1061 2371 1139 2416 cou-

221 2439 334 2503 tinetur
355 2439 413 2503 sub
435 2439 559 2506 alterius
582 2439 651 2504 finis
685 2440 804 2519 urdine,
825 2440 881 2504 sed
903 2441 961 2506 sub
997 2438 1065 2524 ejus
1086 2459 1140 2504 ur·

220 2527 292 2592 dine
315 2547 423 2592 ornnes
445 2529 495 2593 alii
517 2529 594 2594 fines
609 2529 813 2594 continentur.
831 2527 1013 2614 llujusmodi
1029 2543 1138 2600 autem

220 2615 325 2682 volens
348 2630 393 2682 eat
415 2616 509 2692 Deus,
542 2617 629 2702 cujus
663 2637 730 2683 csse
763 2632 809 2683 est
845 2637 966 2684 summa
1003 2618 1141 2695 bouitas,
1242 2611 1243 2658 t

113 2723 116 2732 ¹
220 2720 368 2790 quaeest
402 2705 526 2771 ultimus
561 2707 638 2771 linis.
677 2707 710 2771 ln
748 2706 815 2772 Deo
848 2709 940 2793 igitur
975 2720 1138 2792 peccatum

221 2795 383 2860 voluntatis
406 2815 473 2860 esse
503 2815 564 2860 non
598 2807 707 2881 potest.
730 2795 765 2859 ln
800 2815 995 2882 quocumque
1028 2809 1136 2860 autern

219 2883 279 2951 ab‘o
301 2883 432 2962 uolente,
456 2882 542 2968 eujus
566 2882 723 2970 proprium
739 2885 856 2950 bonurn
874 2904 998 2950 necesse
1013 2898 1059 2948 est
1074 2886 1137 2950 sub

220 2973 328 3038 ordine
350 2973 475 3038 alterius
500 2975 571 3038 boni
594 2974 755 3052 contineri,
778 2988 876 3060 potest
899 2988 1058 3060 peceatum
1082 2993 1136 3038 ae·

219 3063 321 3126 cidere
351 3062 524 3141 voluntatis,
546 3063 571 3127 si
606 3062 636 3126 in
671 3083 726 3128 sua
765 3077 872 3127 natura
910 3061 1134 3128 consideretur.

217 3149 300 3216 Licet
322 3153 404 3215 enirn
428 3151 574 3216 naturalis
608 3151 763 3218 inclinatio
787 3151 949 3216 voluntatis
970 3152 1040 3216 insit
1063 3154 1134 3216 uui-

217 3244 328 3326 cuique
352 3240 464 3305 volenti
486 3241 526 3305 ad
556 3238 722 3306 volendum
745 3254 775 3306 et
798 3240 966 3306 amandum
988 3239 1135 3326 suiipsius

214 3328 474 3414 perlectionem,
467 3343 506 3395 tta
530 3328 613 3413 quod
643 3331 831 3396 contrarium
855 3329 947 3414 lrujua
970 3329 1049 3394 uelle
1065 3349 1130 3394 uon

265 3450 303 3517 (l)
324 3449 429 3518 Quods
422 3468 439 3502 ι.
458 3467 480 3503 c
498 3451 607 3520 ιιοιιιιιιι;
625 3467 685 3503 nam
705 3451 802 3507 bouum
821 3459 861 3506 cat
881 3453 988 3507 ultimus
1003 3452 1062 3508 linia
1079 3455 1133 3516 sub

214 3537 265 3588 quo
283 3535 372 3574 omnes
387 3521 429 3572 olii
448 3521 512 3574 fines
530 3523 705 3576 eontinentur.
787 3546 791 3556 »
