2516 3968
217 209 281 274 469
547 231 602 276 tut.
626 233 668 276 ιιι.
691 231 754 276 ιιι.
779 230 856 278 ιιιιι.

215 295 419 380 constituitur,
445 313 565 385 oportet
588 300 671 386 qnod
695 301 726 366 in
742 320 780 364 eo
792 310 934 366 causetur
944 297 1134 368 desiderium

218 386 340 452 unionis
357 386 396 452 ad
419 388 531 466 Deum,
554 390 725 454 secundum
748 387 831 474 quod
855 387 997 474 possibile
1011 405 1068 456 est.
1082 391 1133 456 Fi·
1244 457 1245 482 ,

215 476 270 542 des
293 489 410 556 autem,
429 497 511 564 quae
534 483 677 544 causator
696 498 734 544 er
758 478 866 562 gratia,
888 477 1020 542 declarat
1032 480 1132 565 possi·
1244 489 1245 562 ᾖ

214 564 307 630 bilem
331 585 398 630 esse
422 567 568 632 unionem
592 567 726 632 hominis
748 566 788 630 ad
819 565 920 632 Deum
955 567 1130 634 seeundum

214 652 380 740 perfectam
402 654 592 734 fruitionem,
625 656 658 720 in
692 676 753 742 qua
788 655 946 720 beatitudo
984 657 1130 722 consistit.

213 741 309 828 Hujus
331 743 423 827 igitur
446 744 597 810 fruitionis
620 744 806 810 desiderium
827 745 861 808 in
885 744 1129 812 homineeonse·
1244 749 1245 758 ’

211 833 315 920 quitur
338 853 377 898 ex
400 833 457 898 Dei
480 833 656 900 dilectione.
680 833 741 898 Sed
765 832 953 899 desiderium
978 834 1131 900 reieliou·

208 919 260 1004 jus
283 921 426 986 molestat
445 927 585 988 animam
609 921 826 1000 desiderantis,
848 921 907 986 nisi
947 921 1025 987 adsit
1056 943 1130 1009 spes
1244 933 1245 996 1

211 1009 251 1074 de
272 1010 503 1096 consequendo.
528 1009 722 1076 Conveniens
749 1007 840 1096 igitur
855 1009 912 1076 suit
935 1023 968 1076 ut
981 1009 1011 1076 in
1026 1013 1129 1078 homi·
1244 999 1245 1024 ³

210 1097 313 1173 nibus,
336 1099 367 1163 in
390 1099 502 1185 quibus
524 1099 581 1164 tter
606 1100 729 1166 dileetio
752 1113 781 1164 et
807 1098 884 1164 tides
905 1113 1050 1166 causatur
1072 1121 1128 1188 per

209 1187 349 1271 gratiam,
372 1191 464 1253 etiam
488 1202 632 1254 causetur
659 1208 730 1276 spes
768 1187 893 1256 suturae
928 1189 1128 1258 beatitudinis

210 1274 437 1362 adipiscendae.

276 1365 364 1444 Item,
387 1365 421 1430 in
445 1365 492 1430 his
515 1385 594 1452 quae
615 1364 798 1430 ordinantur
821 1365 860 1432 ad
883 1365 1018 1452 aliquem
1032 1365 1129 1434 finem

210 1453 429 1532 desideratum,
449 1455 476 1520 si
499 1455 600 1541 aliqua
624 1452 785 1522 difficultas
799 1457 968 1532 emerserit,
981 1455 1128 1522 solatium

208 1542 294 1608 affert
317 1564 387 1628 spes
409 1543 449 1608 dc
471 1542 778 1630 ducconscquendo,
792 1545 872 1608 sicut
885 1545 1126 1612 amaritudinem

208 1632 381 1698 medicinae
405 1633 513 1718 aliquis
536 1632 644 1698 leuiter
680 1631 739 1696 sert
776 1647 902 1718 propter
924 1654 1011 1718 spem
1044 1639 1128 1700 sani·

210 1721 288 1786 tatis.
312 1721 345 1786 Ιιι
369 1742 514 1808 processu
538 1736 641 1787 autem
665 1741 726 1806 quo
749 1720 780 1786 in
804 1721 1026 1788 beatitudiuem
1058 1737 1127 1788 ten·
1244 1771 1245 1792 ι

209 1810 322 1888 dimus,
344 1831 424 1896 quae
447 1825 492 1876 est
514 1809 583 1876 [inis
607 1811 747 1876 omnium
771 1809 1006 1889 desideriorum,
1029 1813 1126 1878 muita
1244 1859 1245 1868 ι

208 1897 340 1966 difficilia
366 1900 527 1964 imminent
550 1899 739 1974 sustinendae
756 1919 829 1965 naut
846 1899 951 1976 virtus,
965 1920 1021 1984 per
1032 1921 1127 1986 quant
1244 1905 1245 1908 ’

208 1987 247 2052 ad
270 1988 491 2054 beatitudinem
515 1987 586 2066 itur,
608 1989 689 2053 circa
713 1986 846 2052 difficilia
869 2001 925 2052 est.
948 1988 994 2052 nd
1018 1988 1078 2056 hoc
1101 1991 1127 2054 i·

207 2076 289 2160 gitur
313 2088 345 2141 ut
368 2075 465 2140 levius
490 2087 521 2141 et
543 2078 715 2162 promptius
739 2077 834 2141 homo
858 2076 888 2140 in
902 2076 1125 2144 beatitudiuem

208 2164 358 2244 tenderet,
381 2163 589 2230 necessarium
620 2165 726 2232 fuitei
754 2185 842 2252 spem
880 2165 919 2232 de
957 2165 1126 2234 obtinenda

206 2255 395 2320 beatitudine
418 2253 576 2320 adhibere.

271 2343 445 2418 Praeterea,
468 2341 575 2408 Nullus
598 2357 739 2407 mouetur
762 2341 802 2408 ad
826 2340 920 2408 finem
954 2342 994 2408 ad
1029 2363 1125 2430 quem

206 2433 346 2498 aestimat
357 2453 424 2498 esse
435 2429 626 2519 impossibile
642 2431 812 2518 pertenire.
825 2431 870 2496 nd
882 2432 942 2498 hoc
954 2433 1127 2520 ergaquod
1244 2499 1245 2516 ,

134 2577 141 2592 ,
206 2519 314 2606 aliquis
338 2534 445 2608 pergat
469 2521 499 2586 in
522 2519 618 2586 unam
643 2519 788 2605 aliquem,
815 2534 935 2606 oportet
958 2522 1042 2608 quod
1058 2521 1125 2590 affi-

205 2611 302 2675 ciatur
325 2611 364 2675 ad
388 2610 484 2675 finem
505 2609 594 2674 iilum
618 2622 779 2694 tamquam
803 2609 982 2694 possibilem
1005 2611 1129 2690 baberi;

206 2713 236 2765 et
261 2700 311 2765 itio
333 2713 379 2764 est
401 2698 528 2766 ananus
551 2697 627 2784 spei.
663 2696 741 2762 urm
776 2698 868 2782 igitur
903 2719 958 2785 per
994 2701 1126 2785 gratiam

204 2789 299 2856 homo
322 2787 472 2874 dirigatur
496 2787 526 2854 iu
550 2787 693 2854 ultimum
720 2785 816 2852 finem
838 2787 1046 2864 beatitudinis,
1069 2810 1126 2858 ne-

205 2877 374 2944 cessarium
395 2877 453 2943 fuit
476 2890 510 2942 ut
532 2895 588 2962 per
603 2877 731 2961 gratiam
749 2876 976 2962 imprimeretur
987 2878 1125 2945 humanu

203 2967 325 3034 affectui
347 2966 480 3055 spectus
501 2964 693 3033 heatitudine
719 2965 947 3050 consequenda.

272 3057 348 3123 utne
367 3069 416 3122 est
438 3055 522 3142 quod
537 3054 669 3124 dieitur:
691 3053 898 3140 Repetterout't
919 3074 974 3119 noa
989 3055 1022 3120 in
1038 3075 1126 3140 rpem

204 3147 350 3224 cirtam...,
370 3146 403 3210 t'n
426 3144 659 3210 hereditate-m...
685 3141 976 3210 irnmttreesriditcm
1001 3165 1124 3210 cenom-

203 3248 312 3302 untum
332 3236 365 3300 in
387 3235 493 3312 coedis,
518 3234 531 3300 1
560 3232 653 3312 Petu,
678 3232 706 3310 i,
742 3233 811 3310 nn
848 3247 877 3300 et
911 3232 1031 3302 dieitur:
1065 3233 1124 3319 Spe

119 3335 123 3344 '
205 3325 287 3391 sonti
307 3324 383 3409 [coti
404 3343 520 3406 mutue,
542 3322 644 3403 Rom,
662 3321 694 3403 8,
716 3320 771 3388 nt,
