2462 3968
236 233 303 298 llil
523 255 579 300 ιιιι.
604 255 645 300 ιιι.
669 252 733 299 cnr.
757 251 862 300 ιιιιιιιιι.

235 333 359 386 nostrae
395 341 432 386 ex
475 321 729 409 impressionibus
767 341 933 409 corporum
969 323 1142 390 caelestium

234 410 431 496 provenirent
453 411 530 477 sicut
552 412 699 478 naturalis
722 411 882 476 instinctus
920 410 1053 477 eliorum
1086 414 1142 478 aol-

234 499 374 578 malium3
397 498 507 566 frustra
531 503 623 566 etiam
648 501 795 566 darentur
818 500 901 584 leges
936 513 966 564 et
989 515 1142 587 praecepta

233 587 364 664 vivendi,
388 589 412 653 si
436 589 531 655 bomo
555 590 745 655 electionum
769 609 895 654 suarum
919 589 1065 655 dominus
1088 610 1143 654 non

234 689 323 753 esset3
346 674 457 743 lrustru
481 679 573 744 etiam
597 678 821 743 adhiberentur
837 678 974 763 praemia
992 691 1024 742 et
1037 697 1144 764 poenae

234 762 322 830 bonis
345 779 375 829 et
399 766 497 845 malis,
520 788 557 832 ex
580 787 642 852 quo
667 787 729 831 non
766 779 846 831 esset
883 767 914 829 in
953 767 1044 832 nobis
1077 767 1144 832 haee

232 853 279 918 vel
303 852 353 918 illa
377 853 501 938 eligere
526 856 702 920 bisantem
726 853 947 930 desinentibus,
978 856 1082 920 statim
1104 875 1144 919 so

232 941 317 1006 cialis
339 941 399 1006 vita
423 944 638 1030 corrumpitur.
662 943 729 1008 Non
753 963 826 1026 ergo
851 943 944 1008 bomo
967 957 1016 1008 est
1039 944 1144 1020 siese-

235 1029 372 1094 cundum
396 1032 538 1098 ordinem
562 1033 683 1098 divinae
706 1031 927 1118 providentiae,
949 1033 1104 1098 institutus
1118 1044 1146 1096 ut
1206 1073 1207 1108 ι

232 1117 399 1184 elec-tiones
436 1119 504 1206 ejus
541 1140 578 1186 en
601 1121 737 1190 motibus
771 1119 948 1186 caelestium
986 1141 1143 1208 corporum

231 1206 422 1292 proveniant.

297 1296 414 1374 Adhuc,
437 1295 607 1364 Electiones
631 1297 792 1363 bominum
818 1295 857 1362 od
881 1296 962 1362 bona
1002 1313 1034 1364 et
1073 1297 1143 1363 mala

231 1402 266 1448 se
292 1383 416 1451 babent.
444 1385 475 1450 Si
499 1387 591 1471 igitur
612 1386 778 1452 electiones
801 1398 922 1452 nostrae
955 1405 993 1452 ex
1020 1388 1143 1453 motibus

231 1472 388 1539 stellarum
412 1477 622 1562 provenirent,
645 1488 827 1560 sequeretur
849 1474 931 1559 quod
966 1477 1077 1541 stellae
1098 1494 1144 1561 per

230 1581 265 1626 se
287 1576 389 1626 esseut
412 1584 502 1628 eausa
527 1564 677 1628 malarum
701 1562 895 1628 electionum.
926 1563 1018 1644 Quod
1048 1579 1142 1629 auteur

231 1664 278 1714 est
300 1651 417 1717 malum
441 1672 503 1716 non
528 1653 620 1718 lrabet
642 1671 768 1718 oausam
795 1653 825 1716 in
849 1665 968 1729 natura3
1000 1674 1075 1718 num
1088 1672 1146 1717 tue·

231 1738 296 1804 lum
319 1740 423 1805 incidit
446 1761 484 1806 ex
507 1740 629 1807 delectu
652 1738 780 1825 alicujus
795 1761 906 1805 causae
936 1756 1043 1806 etnon
1061 1741 1144 1806 habet

232 1848 357 1892 causam
381 1849 501 1910 perse,
525 1842 557 1894 ut
595 1849 687 1916 supra
721 1832 765 1913 (c.
806 1829 864 1914 tt)
898 1843 1059 1895 ostensum
1095 1842 1143 1893 est.

231 1915 298 1980 Non
322 1931 367 1980 est
390 1917 480 2002 igitur
504 1919 648 2004 possibile
671 1917 754 2003 quod
777 1917 945 1994 electiones
959 1934 1083 1984 nostrae
1104 1918 1143 1982 di·

230 2018 314 2070 recte
337 2019 367 2070 ct
390 2026 445 2092 per
466 2025 500 2072 se
522 2028 539 2072 a
563 2007 745 2093 corporibus
769 2007 952 2072 caelestibus
969 2008 1143 2094 proveniant
1208 2065 1209 2082 p

232 2093 310 2158 sieut
335 2113 372 2159 ex
395 2095 504 2160 causis.
526 2133 570 2142 —
593 2095 696 2160 Potest
719 2107 822 2160 autem
860 2095 968 2181 aliquis
1006 2097 1080 2162 lruic
1101 2115 1143 2160 ra·

231 2182 306 2248 tioni
329 2184 466 2262 obviare,
499 2183 632 2250 dicendo
671 2183 755 2269 quod
788 2185 889 2249 omnis
928 2184 1008 2250 mala
1044 2184 1145 2250 electio
1208 2259 1209 2262 Ἴ

229 2291 267 2336 ex
290 2271 418 2358 alicujus
443 2272 515 2337 boni
539 2273 677 2360 appetitu
710 2273 862 2358 provenit,
900 2287 934 2338 ut
966 2293 1060 2359 supra
1095 2279 1143 2358 (o.
1208 2317 1209 2322 ι

232 2359 252 2424 5
275 2372 306 2424 et
329 2359 364 2442 l)
389 2373 547 2427 ostensum
593 2375 649 2438 est;
672 2361 749 2426 sient
772 2361 880 2426 electio
903 2361 1045 2426 adulterii
1080 2381 1143 2450 pro-

230 2450 315 2512 reuit
348 2469 385 2514 cx
413 2449 547 2536 appetitu
584 2448 656 2515 boni
695 2449 883 2516 delectabilis
920 2450 1003 2536 quod
1038 2464 1086 2516 est
1119 2449 1145 2513 in

231 2537 380 2614 venereis;
405 2538 444 2602 ad
467 2539 551 2624 quod
564 2537 689 2623 quidem
713 2537 830 2604 bonum
854 2537 1025 2604 universale
1049 2539 1145 2624 aliqua

230 2624 317 2692 stelle
341 2640 454 2704 movet,
478 2641 508 2692 et
531 2627 591 2692 boc
618 2627 826 2692 necessarium
849 2641 895 2692 est
918 2627 957 2692 ed
979 2627 1146 2712 generatio·

229 2734 302 2780 nem
326 2715 504 2780 animalium
527 2713 758 2803 perficiendam3
780 2736 838 2782 nee
860 2714 965 2781 debuit
988 2718 1045 2782 boo
1068 2735 1145 2782 eom·

223 2824 325 2869 mune
347 2804 464 2870 bonum
479 2803 677 2890 praetermitti
692 2816 817 2890 propter
839 2803 956 2870 molum
970 2804 1145 2890 particulare

229 2883 406 2978 hujusmodi
430 2888 538 2983 (illius)
562 2893 615 2977 qui
640 2911 677 2956 ex
700 2891 761 2958 boc
797 2893 940 2958 instinetu
964 2894 1057 2978 elegit
1083 2913 1143 2958 ma·

228 2979 305 3047 lum.
329 2981 412 3046 llaec
434 2996 537 3046 antem
560 2981 720 3066 responsio
760 2979 916 3046 sulliciens
947 3003 1010 3047 non
1046 2995 1102 3060 est,
1121 2979 1142 3044 si

229 3083 384 3155 ponantur
406 3089 536 3156 corpore
559 3069 701 3136 caelestia
725 3089 780 3154 per
802 3089 835 3134 se
858 3089 949 3138 causa
965 3071 1142 3136 electionum

228 3171 416 3234 nostrarum,
439 3172 544 3245 utpote
568 3178 622 3244 per
641 3177 678 3222 se
716 3157 922 3245 imprimentia
952 3159 984 3224 iu
1022 3158 1135 3224 intelle·

229 3261 314 3313 ctum
348 3262 378 3312 et
416 3246 615 3313 voluntatem.
653 3245 730 3310 Nam
769 3248 929 3333 impressio
967 3246 1140 3313 universalis

230 3355 342 3401 causae
364 3335 510 3422 recipitur
534 3335 564 3400 in
589 3355 777 3422 unoquoque
812 3335 983 3402 secundum
1022 3335 1142 3402 modurn

231 3436 333 3488 surim.
357 3423 487 3491 Effectus
510 3444 585 3511 ergo
607 3424 715 3490 stellae
738 3425 889 3490 moventis
912 3425 950 3490 ed
974 3423 1143 3492 delectatio·

226 3531 315 3590 nem,
338 3531 418 3596 quae
441 3525 488 3578 est
511 3513 542 3578 in
565 3511 782 3596 conjunctione
805 3513 944 3582 ordinate
959 3513 998 3581 ad
1020 3531 1142 3600 genera·
