<?xml version="1.0" encoding="UTF-8"?>
<!DOCTYPE html PUBLIC "-//W3C//DTD XHTML 1.0 Transitional//EN"
    "http://www.w3.org/TR/xhtml1/DTD/xhtml1-transitional.dtd">
<html xmlns="http://www.w3.org/1999/xhtml" xml:lang="en" lang="en">
 <head>
  <title>
</title>
<meta http-equiv="Content-Type" content="text/html;charset=utf-8" />
  <meta name='ocr-system' content='tesseract 3.04.00' />
  <meta name='ocr-capabilities' content='ocr_page ocr_carea ocr_par ocr_line ocrx_word'/>
</head>
<body>
  <div class='ocr_page' id='page_1' title='image "./sanctithomaeaqu00thomgoog_0075.png"; bbox 0 0 2494 3970; ppageno 0'>
   <div class='ocr_carea' id='block_1_1' title="bbox 232 233 1184 1564">
    <p class='ocr_par' dir='ltr' id='par_1_1' title="bbox 232 233 1163 578">
     <span class='ocr_line' id='line_1_1' title="bbox 232 233 928 297; baseline 0 -1"><span class='ocrx_word' id='word_1_1' title='bbox 232 233 277 297; x_wconf 73' lang='lat'>70</span> <span class='ocrx_word' id='word_1_2' title='bbox 467 251 523 296; x_wconf 83' lang='lat' dir='ltr'>tro.</span> <span class='ocrx_word' id='word_1_3' title='bbox 546 252 587 296; x_wconf 86' lang='lat' dir='ltr'>nt.</span> <span class='ocrx_word' id='word_1_4' title='bbox 612 251 674 296; x_wconf 78' lang='lat' dir='ltr'>ena.</span> <span class='ocrx_word' id='word_1_5' title='bbox 699 251 777 296; x_wconf 74' lang='lat' dir='ltr'>xxiv.</span> <span class='ocrx_word' id='word_1_6' title='bbox 802 249 838 294; x_wconf 83' lang='lat' dir='ltr'>ur</span> <span class='ocrx_word' id='word_1_7' title='bbox 861 249 928 296; x_wconf 77' lang='lat' dir='ltr'>uxr.</span> 
     </span>
     <span class='ocr_line' id='line_1_2' title="bbox 234 315 1163 406; baseline -0.002 -22"><span class='ocrx_word' id='word_1_8' title='bbox 234 323 322 386; x_wconf 86' lang='lat' dir='ltr'>sione</span> <span class='ocrx_word' id='word_1_9' title='bbox 337 319 376 386; x_wconf 87' lang='lat' dir='ltr'>sit</span> <span class='ocrx_word' id='word_1_10' title='bbox 388 321 545 406; x_wconf 81' lang='lat' dir='ltr'>exemplar</span> <span class='ocrx_word' id='word_1_11' title='bbox 561 322 700 385; x_wconf 88' lang='lat' dir='ltr'>omnium</span> <span class='ocrx_word' id='word_1_12' title='bbox 724 321 892 386; x_wconf 84' lang='lat' dir='ltr'>bonitatem</span> <span class='ocrx_word' id='word_1_13' title='bbox 905 315 1163 395; x_wconf 76' lang='lat' dir='ltr'>diffundentium3</span> 
     </span>
     <span class='ocr_line' id='line_1_3' title="bbox 235 407 1161 496; baseline 0 -24"><span class='ocrx_word' id='word_1_14' title='bbox 235 411 434 495; x_wconf 87' lang='lat' dir='ltr'>inquantum</span> <span class='ocrx_word' id='word_1_15' title='bbox 458 410 542 474; x_wconf 89' lang='lat' dir='ltr'>enim</span> <span class='ocrx_word' id='word_1_16' title='bbox 567 411 812 496; x_wconf 86' lang='lat' dir='ltr'>unumquodque</span> <span class='ocrx_word' id='word_1_17' title='bbox 824 409 1018 474; x_wconf 86' lang='lat' dir='ltr'>communius</span> <span class='ocrx_word' id='word_1_18' title='bbox 1035 407 1161 473; x_wconf 88' lang='lat' dir='ltr'>bouita-</span> 
     </span>
     <span class='ocr_line' id='line_1_4' title="bbox 236 497 902 578; baseline -0.003 -15"><span class='ocrx_word' id='word_1_19' title='bbox 236 513 299 563; x_wconf 88' lang='lat' dir='ltr'>teru</span> <span class='ocrx_word' id='word_1_20' title='bbox 316 497 459 563; x_wconf 81' lang='lat' dir='ltr'>diffundit</span> <span class='ocrx_word' id='word_1_21' title='bbox 482 499 513 564; x_wconf 97' lang='lat' dir='ltr'>in</span> <span class='ocrx_word' id='word_1_22' title='bbox 537 498 607 578; x_wconf 82' lang='lat' dir='ltr'>alia,</span> <span class='ocrx_word' id='word_1_23' title='bbox 630 497 663 562; x_wconf 85' lang='lat' dir='ltr'>fit</span> <span class='ocrx_word' id='word_1_24' title='bbox 687 497 776 562; x_wconf 81' lang='lat' dir='ltr'>altior</span> <span class='ocrx_word' id='word_1_25' title='bbox 799 517 902 563; x_wconf 87' lang='lat' dir='ltr'>eausa.</span> 
     </span>
    </p>

    <p class='ocr_par' dir='ltr' id='par_1_2' title="bbox 234 583 1184 1564">
     <span class='ocr_line' id='line_1_5' title="bbox 302 583 1184 674; baseline 0 -24"><span class='ocrx_word' id='word_1_26' title='bbox 302 587 379 652; x_wconf 83' lang='lat' dir='ltr'>Hinc</span> <span class='ocrx_word' id='word_1_27' title='bbox 402 588 494 652; x_wconf 89' lang='lat' dir='ltr'>etiam</span> <span class='ocrx_word' id='word_1_28' title='bbox 519 601 602 674; x_wconf 87' lang='lat' dir='ltr'>patet</span> <span class='ocrx_word' id='word_1_29' title='bbox 624 586 708 674; x_wconf 86' lang='lat' dir='ltr'>quod</span> <span class='ocrx_word' id='word_1_30' title='bbox 744 583 989 673; x_wconf 87' lang='lat' dir='ltr'>unumquodque</span> <span class='ocrx_word' id='word_1_31' title='bbox 1025 585 1184 668; x_wconf 43' lang='lat' dir='ltr'>tendensX</span> 
     </span>
     <span class='ocr_line' id='line_1_6' title="bbox 237 674 1159 761; baseline 0 -22"><span class='ocrx_word' id='word_1_32' title='bbox 237 675 275 740; x_wconf 91' lang='lat' dir='ltr'>ad</span> <span class='ocrx_word' id='word_1_33' title='bbox 301 676 359 740; x_wconf 89' lang='lat' dir='ltr'>hoe</span> <span class='ocrx_word' id='word_1_34' title='bbox 382 677 465 761; x_wconf 91' lang='lat' dir='ltr'>quod</span> <span class='ocrx_word' id='word_1_35' title='bbox 489 677 527 741; x_wconf 90' lang='lat' dir='ltr'>sit</span> <span class='ocrx_word' id='word_1_36' title='bbox 550 676 693 741; x_wconf 86' lang='lat' dir='ltr'>altiorum</span> <span class='ocrx_word' id='word_1_37' title='bbox 717 695 820 750; x_wconf 85' lang='lat' dir='ltr'>eausa,</span> <span class='ocrx_word' id='word_1_38' title='bbox 844 675 941 742; x_wconf 88' lang='lat' dir='ltr'>tendit</span> <span class='ocrx_word' id='word_1_39' title='bbox 962 675 993 738; x_wconf 93' lang='lat' dir='ltr'>in</span> <span class='ocrx_word' id='word_1_40' title='bbox 1017 674 1159 739; x_wconf 86' lang='lat' dir='ltr'>divinam</span> 
     </span>
     <span class='ocr_line' id='line_1_7' title="bbox 234 763 1162 843; baseline 0.001 -15"><span class='ocrx_word' id='word_1_41' title='bbox 234 765 482 843; x_wconf 85' lang='lat' dir='ltr'>similitudinem,</span> <span class='ocrx_word' id='word_1_42' title='bbox 499 778 529 831; x_wconf 93' lang='lat' dir='ltr'>et</span> <span class='ocrx_word' id='word_1_43' title='bbox 544 765 747 830; x_wconf 89' lang='lat' dir='ltr'>nibilominus</span> <span class='ocrx_word' id='word_1_44' title='bbox 763 764 859 829; x_wconf 87' lang='lat' dir='ltr'>tondit</span> <span class='ocrx_word' id='word_1_45' title='bbox 875 763 905 828; x_wconf 91' lang='lat' dir='ltr'>in</span> <span class='ocrx_word' id='word_1_46' title='bbox 921 783 1012 828; x_wconf 87' lang='lat' dir='ltr'>suurn</span> <span class='ocrx_word' id='word_1_47' title='bbox 1029 763 1162 829; x_wconf 90' lang='lat' dir='ltr'>bonum.</span> 
     </span>
     <span class='ocr_line' id='line_1_8' title="bbox 237 853 1160 938; baseline -0.002 -20"><span class='ocrx_word' id='word_1_48' title='bbox 237 853 305 918; x_wconf 89' lang='lat' dir='ltr'>Non</span> <span class='ocrx_word' id='word_1_49' title='bbox 329 868 375 918; x_wconf 98' lang='grc' dir='ltr'>εει</span> <span class='ocrx_word' id='word_1_50' title='bbox 398 873 473 938; x_wconf 82' lang='lat' dir='ltr'>ergo</span> <span class='ocrx_word' id='word_1_51' title='bbox 496 855 716 920; x_wconf 83' lang='lat' dir='ltr'>inconveniens</span> <span class='ocrx_word' id='word_1_52' title='bbox 739 856 763 920; x_wconf 89' lang='lat' dir='ltr'>si</span> <span class='ocrx_word' id='word_1_53' title='bbox 788 867 890 920; x_wconf 86' lang='lat' dir='ltr'>motus</span> <span class='ocrx_word' id='word_1_54' title='bbox 905 873 1071 938; x_wconf 83' lang='lat' dir='ltr'>corporum</span> <span class='ocrx_word' id='word_1_55' title='bbox 1087 873 1160 917; x_wconf 89' lang='lat' dir='ltr'>eae-</span> 
     </span>
     <span class='ocr_line' id='line_1_9' title="bbox 237 941 1161 1028; baseline -0.002 -20"><span class='ocrx_word' id='word_1_56' title='bbox 237 943 362 1008; x_wconf 89' lang='lat' dir='ltr'>lestium</span> <span class='ocrx_word' id='word_1_57' title='bbox 386 957 416 1006; x_wconf 88' lang='lat' dir='ltr'>et</span> <span class='ocrx_word' id='word_1_58' title='bbox 439 943 574 1008; x_wconf 77' lang='lat' dir='ltr'>artiones</span> <span class='ocrx_word' id='word_1_59' title='bbox 597 957 754 1008; x_wconf 87' lang='lat' dir='ltr'>motorum</span> <span class='ocrx_word' id='word_1_60' title='bbox 779 943 828 1028; x_wconf 77' lang='lat' dir='ltr'>(i)</span> <span class='ocrx_word' id='word_1_61' title='bbox 861 963 978 1027; x_wconf 77' lang='lat' dir='ltr'>¹eorum</span> <span class='ocrx_word' id='word_1_62' title='bbox 1016 941 1161 1006; x_wconf 84' lang='lat' dir='ltr'>dieantur</span> 
     </span>
     <span class='ocr_line' id='line_1_10' title="bbox 239 1031 1157 1120; baseline -0.003 -23"><span class='ocrx_word' id='word_1_63' title='bbox 239 1051 307 1097; x_wconf 87' lang='lat' dir='ltr'>esse</span> <span class='ocrx_word' id='word_1_64' title='bbox 330 1031 504 1118; x_wconf 76' lang='lat' dir='ltr'>aliqualiter</span> <span class='ocrx_word' id='word_1_65' title='bbox 526 1047 652 1120; x_wconf 84' lang='lat' dir='ltr'>propter</span> <span class='ocrx_word' id='word_1_66' title='bbox 675 1032 751 1099; x_wconf 80' lang='lat' dir='ltr'>itaer</span> <span class='ocrx_word' id='word_1_67' title='bbox 774 1051 904 1118; x_wconf 83' lang='lat' dir='ltr'>corpora</span> <span class='ocrx_word' id='word_1_68' title='bbox 942 1050 1022 1116; x_wconf 88' lang='lat' dir='ltr'>quae</span> <span class='ocrx_word' id='word_1_69' title='bbox 1059 1050 1157 1115; x_wconf 78' lang='lat' dir='ltr'>geue·</span> 
     </span>
     <span class='ocr_line' id='line_1_11' title="bbox 238 1119 1156 1208; baseline -0.003 -23"><span class='ocrx_word' id='word_1_70' title='bbox 238 1133 345 1185; x_wconf 86' lang='lat' dir='ltr'>rantur</span> <span class='ocrx_word' id='word_1_71' title='bbox 367 1135 397 1185; x_wconf 93' lang='lat' dir='ltr'>et</span> <span class='ocrx_word' id='word_1_72' title='bbox 420 1135 671 1208; x_wconf 79' lang='lat' dir='ltr'>corrumpuntur,</span> <span class='ocrx_word' id='word_1_73' title='bbox 693 1141 772 1207; x_wconf 86' lang='lat' dir='ltr'>quae</span> <span class='ocrx_word' id='word_1_74' title='bbox 794 1134 865 1186; x_wconf 89' lang='lat' dir='ltr'>sunt</span> <span class='ocrx_word' id='word_1_75' title='bbox 888 1120 932 1184; x_wconf 88' lang='lat' dir='ltr'>eis</span> <span class='ocrx_word' id='word_1_76' title='bbox 970 1119 1156 1202; x_wconf 78' lang='lat' dir='ltr'>indigniora3</span> 
     </span>
     <span class='ocr_line' id='line_1_12' title="bbox 238 1208 1157 1298; baseline 0 -24"><span class='ocrx_word' id='word_1_77' title='bbox 238 1232 301 1274; x_wconf 90' lang='lat' dir='ltr'>non</span> <span class='ocrx_word' id='word_1_78' title='bbox 325 1209 408 1273; x_wconf 89' lang='lat' dir='ltr'>enirn</span> <span class='ocrx_word' id='word_1_79' title='bbox 433 1223 504 1274; x_wconf 90' lang='lat' dir='ltr'>sunt</span> <span class='ocrx_word' id='word_1_80' title='bbox 527 1225 653 1298; x_wconf 86' lang='lat' dir='ltr'>propter</span> <span class='ocrx_word' id='word_1_81' title='bbox 672 1210 749 1274; x_wconf 87' lang='lat' dir='ltr'>baeu</span> <span class='ocrx_word' id='word_1_82' title='bbox 773 1211 851 1275; x_wconf 81' lang='lat' dir='ltr'>siout</span> <span class='ocrx_word' id='word_1_83' title='bbox 874 1220 1000 1296; x_wconf 89' lang='lat' dir='ltr'>propter</span> <span class='ocrx_word' id='word_1_84' title='bbox 1012 1208 1157 1274; x_wconf 80' lang='lat' dir='ltr'>ultimum</span> 
     </span>
     <span class='ocr_line' id='line_1_13' title="bbox 243 1297 1160 1384; baseline -0.004 -20"><span class='ocrx_word' id='word_1_85' title='bbox 243 1300 349 1377; x_wconf 84' lang='lat' dir='ltr'>iinetn,</span> <span class='ocrx_word' id='word_1_86' title='bbox 373 1299 441 1374; x_wconf 86' lang='lat' dir='ltr'>sed,</span> <span class='ocrx_word' id='word_1_87' title='bbox 464 1299 659 1365; x_wconf 85' lang='lat' dir='ltr'>intendentes</span> <span class='ocrx_word' id='word_1_88' title='bbox 682 1299 795 1364; x_wconf 85' lang='lat' dir='ltr'>borum</span> <span class='ocrx_word' id='word_1_89' title='bbox 834 1297 1077 1384; x_wconf 78' lang='lat' dir='ltr'>generationem,</span> <span class='ocrx_word' id='word_1_90' title='bbox 1112 1299 1160 1360; x_wconf 93' lang='lat' dir='ltr'>in-</span> 
     </span>
     <span class='ocr_line' id='line_1_14' title="bbox 239 1385 1161 1455; baseline -0.002 -3"><span class='ocrx_word' id='word_1_91' title='bbox 239 1387 367 1452; x_wconf 88' lang='lat' dir='ltr'>tendunt</span> <span class='ocrx_word' id='word_1_92' title='bbox 381 1409 470 1452; x_wconf 90' lang='lat' dir='ltr'>suum</span> <span class='ocrx_word' id='word_1_93' title='bbox 486 1389 603 1454; x_wconf 91' lang='lat' dir='ltr'>bonum</span> <span class='ocrx_word' id='word_1_94' title='bbox 627 1404 657 1455; x_wconf 85' lang='lat' dir='ltr'>et</span> <span class='ocrx_word' id='word_1_95' title='bbox 681 1391 817 1455; x_wconf 87' lang='lat' dir='ltr'>divinam</span> <span class='ocrx_word' id='word_1_96' title='bbox 841 1385 1075 1453; x_wconf 81' lang='lat' dir='ltr'>similitudinem</span> <span class='ocrx_word' id='word_1_97' title='bbox 1091 1399 1161 1450; x_wconf 88' lang='lat' dir='ltr'>tan·</span> 
     </span>
     <span class='ocr_line' id='line_1_15' title="bbox 240 1477 628 1564; baseline 0.003 -22"><span class='ocrx_word' id='word_1_98' title='bbox 240 1497 333 1564; x_wconf 88' lang='lat' dir='ltr'>quam</span> <span class='ocrx_word' id='word_1_99' title='bbox 357 1477 499 1542; x_wconf 88' lang='lat' dir='ltr'>ultimum</span> <span class='ocrx_word' id='word_1_100' title='bbox 523 1479 628 1544; x_wconf 83' lang='lat' dir='ltr'>tinem.</span> 
     </span>
    </p>
   </div>
   <div class='ocr_carea' id='block_1_2' title="bbox 551 1653 848 1722">
    <p class='ocr_par' dir='ltr' id='par_1_3' title="bbox 551 1653 848 1722">
     <span class='ocr_line' id='line_1_16' title="bbox 551 1653 848 1722; baseline -0.01 -1"><span class='ocrx_word' id='word_1_101' title='bbox 551 1655 721 1722; x_wconf 77' lang='lat' dir='ltr'>CAPUT</span> <span class='ocrx_word' id='word_1_102' title='bbox 758 1653 848 1721; x_wconf 84' lang='lat' dir='ltr'><strong>XXV.</strong></span> 
     </span>
    </p>
   </div>
   <div class='ocr_carea' id='block_1_3' title="bbox 356 1833 1043 1990">
    <p class='ocr_par' dir='ltr' id='par_1_4' title="bbox 356 1833 1043 1990">
     <span class='ocr_line' id='line_1_17' title="bbox 356 1833 1043 1920; baseline -0.004 -22"><span class='ocrx_word' id='word_1_103' title='bbox 356 1834 445 1914; x_wconf 83' lang='lat' dir='ltr'>Quod</span> <span class='ocrx_word' id='word_1_104' title='bbox 467 1835 638 1920; x_wconf 80' lang='lat' dir='ltr'>inteliipere</span> <span class='ocrx_word' id='word_1_105' title='bbox 661 1835 759 1899; x_wconf 81' lang='lat' dir='ltr'>Deum</span> <span class='ocrx_word' id='word_1_106' title='bbox 782 1844 829 1898; x_wconf 82' lang='lat' dir='ltr'>ost</span> <span class='ocrx_word' id='word_1_107' title='bbox 850 1834 920 1919; x_wconf 75' lang='lat' dir='ltr'>pinio</span> <span class='ocrx_word' id='word_1_108' title='bbox 943 1833 1043 1897; x_wconf 79' lang='lat' dir='ltr'>omnis</span> 
     </span>
     <span class='ocr_line' id='line_1_18' title="bbox 478 1922 923 1990; baseline -0.004 -3"><span class='ocrx_word' id='word_1_109' title='bbox 478 1925 701 1990; x_wconf 79' lang='lat' dir='ltr'>intellectualis</span> <span class='ocrx_word' id='word_1_110' title='bbox 723 1922 923 1988; x_wconf 84' lang='lat' dir='ltr'>substantiae.</span> 
     </span>
    </p>
   </div>
   <div class='ocr_carea' id='block_1_4' title="bbox 242 2095 1236 3537">
    <p class='ocr_par' dir='ltr' id='par_1_5' title="bbox 242 2095 1236 2806">
     <span class='ocr_line' id='line_1_19' title="bbox 309 2095 1164 2176; baseline -0.008 -10"><span class='ocrx_word' id='word_1_111' title='bbox 309 2101 387 2168; x_wconf 89' lang='lat' dir='ltr'>Cum</span> <span class='ocrx_word' id='word_1_112' title='bbox 412 2115 514 2166; x_wconf 90' lang='lat' dir='ltr'>autem</span> <span class='ocrx_word' id='word_1_113' title='bbox 539 2121 647 2167; x_wconf 89' lang='lat' dir='ltr'>omnes</span> <span class='ocrx_word' id='word_1_114' title='bbox 673 2115 843 2176; x_wconf 73' lang='lat' dir='ltr'>creaturae,</span> <span class='ocrx_word' id='word_1_115' title='bbox 877 2099 969 2163; x_wconf 89' lang='lat' dir='ltr'>etiam</span> <span class='ocrx_word' id='word_1_116' title='bbox 1004 2095 1164 2162; x_wconf 80' lang='lat' dir='ltr'>intellectu</span> 
     </span>
     <span class='ocr_line' id='line_1_20' title="bbox 242 2187 1165 2266; baseline -0.009 -12"><span class='ocrx_word' id='word_1_117' title='bbox 242 2206 391 2266; x_wconf 71' lang='lat' dir='ltr'>carentes</span> <span class='ocrx_word' id='word_1_118' title='bbox 407 2191 625 2256; x_wconf 82' lang='lat' dir='ltr'>ordinenturin</span> <span class='ocrx_word' id='word_1_119' title='bbox 639 2192 739 2257; x_wconf 85' lang='lat' dir='ltr'>Deum</span> <span class='ocrx_word' id='word_1_120' title='bbox 757 2193 833 2255; x_wconf 87' lang='lat' dir='ltr'>siout</span> <span class='ocrx_word' id='word_1_121' title='bbox 846 2189 877 2252; x_wconf 94' lang='lat' dir='ltr'>in</span> <span class='ocrx_word' id='word_1_122' title='bbox 894 2189 989 2253; x_wconf 86' lang='lat' dir='ltr'>finem</span> <span class='ocrx_word' id='word_1_123' title='bbox 1005 2187 1165 2258; x_wconf 87' lang='lat' dir='ltr'>ultimum,</span> 
     </span>
     <span class='ocr_line' id='line_1_21' title="bbox 244 2276 1163 2367; baseline -0.009 -23"><span class='ocrx_word' id='word_1_124' title='bbox 244 2279 281 2344; x_wconf 91' lang='lat' dir='ltr'>ad</span> <span class='ocrx_word' id='word_1_125' title='bbox 305 2281 387 2345; x_wconf 86' lang='lat' dir='ltr'>buna</span> <span class='ocrx_word' id='word_1_126' title='bbox 412 2293 513 2344; x_wconf 86' lang='lat' dir='ltr'>autern</span> <span class='ocrx_word' id='word_1_127' title='bbox 538 2279 632 2344; x_wconf 86' lang='lat' dir='ltr'>finem</span> <span class='ocrx_word' id='word_1_128' title='bbox 656 2281 831 2367; x_wconf 83' lang='lat' dir='ltr'>pertingant</span> <span class='ocrx_word' id='word_1_129' title='bbox 854 2279 970 2354; x_wconf 88' lang='lat' dir='ltr'>omnia,</span> <span class='ocrx_word' id='word_1_130' title='bbox 993 2276 1024 2340; x_wconf 93' lang='lat' dir='ltr'>in</span> <span class='ocrx_word' id='word_1_131' title='bbox 1063 2295 1163 2359; x_wconf 88' lang='lat' dir='ltr'>quan-</span> 
     </span>
     <span class='ocr_line' id='line_1_22' title="bbox 243 2363 1163 2454; baseline -0.009 -21"><span class='ocrx_word' id='word_1_132' title='bbox 243 2387 309 2434; x_wconf 89' lang='lat' dir='ltr'>tum</span> <span class='ocrx_word' id='word_1_133' title='bbox 331 2371 370 2434; x_wconf 81' lang='lat' dir='ltr'>tie</span> <span class='ocrx_word' id='word_1_134' title='bbox 394 2368 595 2434; x_wconf 87' lang='lat' dir='ltr'>simiiitudine</span> <span class='ocrx_word' id='word_1_135' title='bbox 619 2368 685 2454; x_wconf 84' lang='lat' dir='ltr'>ejus</span> <span class='ocrx_word' id='word_1_136' title='bbox 709 2368 823 2454; x_wconf 80' lang='lat' dir='ltr'>aliquid</span> <span class='ocrx_word' id='word_1_137' title='bbox 848 2367 1041 2454; x_wconf 85' lang='lat' dir='ltr'>participant,</span> <span class='ocrx_word' id='word_1_138' title='bbox 1072 2363 1163 2426; x_wconf 89' lang='lat' dir='ltr'>iutel-</span> 
     </span>
     <span class='ocr_line' id='line_1_23' title="bbox 242 2453 1236 2542; baseline -0.008 -16"><span class='ocrx_word' id='word_1_139' title='bbox 242 2459 387 2526; x_wconf 84' lang='lat' dir='ltr'>ieetuales</span> <span class='ocrx_word' id='word_1_140' title='bbox 400 2473 561 2523; x_wconf 75' lang='lat' dir='ltr'><strong>creaturae</strong></span> <span class='ocrx_word' id='word_1_141' title='bbox 585 2459 688 2524; x_wconf 90' lang='lat' dir='ltr'>aliuuo</span> <span class='ocrx_word' id='word_1_142' title='bbox 704 2457 877 2542; x_wconf 78' lang='lat' dir='ltr'>specialiori</span> <span class='ocrx_word' id='word_1_143' title='bbox 897 2453 1043 2519; x_wconf 84' lang='lat' dir='ltr'>modoad</span> <span class='ocrx_word' id='word_1_144' title='bbox 1060 2453 1163 2538; x_wconf 88' lang='lat' dir='ltr'>ipsum</span> <span class='ocrx_word' id='word_1_145' title='bbox 1235 2491 1236 2518; x_wconf 86' lang='lat' dir='ltr'>t</span> 
     </span>
     <span class='ocr_line' id='line_1_24' title="bbox 245 2543 1236 2634; baseline -0.008 -23"><span class='ocrx_word' id='word_1_146' title='bbox 245 2549 432 2634; x_wconf 77' lang='lat' dir='ltr'>pertingunt,</span> <span class='ocrx_word' id='word_1_147' title='bbox 456 2549 571 2614; x_wconf 84' lang='lat' dir='ltr'>scilieet</span> <span class='ocrx_word' id='word_1_148' title='bbox 594 2567 649 2632; x_wconf 83' lang='lat' dir='ltr'>per</span> <span class='ocrx_word' id='word_1_149' title='bbox 672 2567 759 2610; x_wconf 90' lang='lat' dir='ltr'>suarn</span> <span class='ocrx_word' id='word_1_150' title='bbox 777 2546 932 2632; x_wconf 78' lang='lat' dir='ltr'>propriam</span> <span class='ocrx_word' id='word_1_151' title='bbox 949 2543 1164 2629; x_wconf 81' lang='lat' dir='ltr'>operationem</span> <span class='ocrx_word' id='word_1_152' title='bbox 1235 2587 1236 2622; x_wconf 49' lang='lat' dir='ltr'>t</span> 
     </span>
     <span class='ocr_line' id='line_1_25' title="bbox 246 2623 1236 2723; baseline -0.008 -23"><span class='ocrx_word' id='word_1_153' title='bbox 246 2637 447 2721; x_wconf 81' lang='lat' dir='ltr'>intelligendo</span> <span class='ocrx_word' id='word_1_154' title='bbox 471 2640 583 2723; x_wconf 91' lang='lat' dir='ltr'>ipsum;</span> <span class='ocrx_word' id='word_1_155' title='bbox 608 2633 690 2698; x_wconf 85' lang='lat' dir='ltr'>unde</span> <span class='ocrx_word' id='word_1_156' title='bbox 715 2647 836 2719; x_wconf 87' lang='lat' dir='ltr'>oportet</span> <span class='ocrx_word' id='word_1_157' title='bbox 858 2633 942 2719; x_wconf 86' lang='lat' dir='ltr'>quod</span> <span class='ocrx_word' id='word_1_158' title='bbox 967 2634 1025 2696; x_wconf 83' lang='lat' dir='ltr'>boe</span> <span class='ocrx_word' id='word_1_159' title='bbox 1041 2629 1164 2694; x_wconf 83' lang='lat' dir='ltr'>sitiinis</span> <span class='ocrx_word' id='word_1_160' title='bbox 1235 2623 1236 2680; x_wconf 64' lang='lat' dir='ltr'>i</span> 
     </span>
     <span class='ocr_line' id='line_1_26' title="bbox 246 2719 1166 2806; baseline -0.011 -16"><span class='ocrx_word' id='word_1_161' title='bbox 246 2727 459 2792; x_wconf 81' lang='lat' dir='ltr'>intellectualis</span> <span class='ocrx_word' id='word_1_162' title='bbox 497 2739 669 2800; x_wconf 80' lang='lat' dir='ltr'>creaturae²</span> <span class='ocrx_word' id='word_1_163' title='bbox 703 2723 817 2788; x_wconf 82' lang='lat' dir='ltr'>scilieet</span> <span class='ocrx_word' id='word_1_164' title='bbox 851 2722 1022 2806; x_wconf 80' lang='lat' dir='ltr'>intelligere</span> <span class='ocrx_word' id='word_1_165' title='bbox 1050 2719 1166 2782; x_wconf 85' lang='lat' dir='ltr'>Deum.</span> 
     </span>
    </p>

    <p class='ocr_par' dir='ltr' id='par_1_6' title="bbox 247 2809 1236 3537">
     <span class='ocr_line' id='line_1_27' title="bbox 314 2809 1167 2897; baseline -0.009 -19"><span class='ocrx_word' id='word_1_166' title='bbox 314 2815 443 2880; x_wconf 78' lang='lat' dir='ltr'>Ultimus</span> <span class='ocrx_word' id='word_1_167' title='bbox 461 2816 544 2880; x_wconf 85' lang='lat' dir='ltr'>enirn</span> <span class='ocrx_word' id='word_1_168' title='bbox 569 2814 637 2876; x_wconf 85' lang='lat' dir='ltr'>iinis</span> <span class='ocrx_word' id='word_1_169' title='bbox 662 2812 825 2897; x_wconf 80' lang='lat' dir='ltr'>cujuslibet</span> <span class='ocrx_word' id='word_1_170' title='bbox 861 2813 905 2876; x_wconf 86' lang='lat' dir='ltr'>rei</span> <span class='ocrx_word' id='word_1_171' title='bbox 928 2825 975 2876; x_wconf 91' lang='grc' dir='ltr'>εει</span> <span class='ocrx_word' id='word_1_172' title='bbox 1013 2809 1110 2884; x_wconf 85' lang='lat' dir='ltr'>Deus,</span> <span class='ocrx_word' id='word_1_173' title='bbox 1132 2821 1167 2870; x_wconf 91' lang='lat' dir='ltr'>ut</span> 
     </span>
     <span class='ocr_line' id='line_1_28' title="bbox 247 2895 1168 2987; baseline -0.014 -16"><span class='ocrx_word' id='word_1_174' title='bbox 247 2916 459 2971; x_wconf 88' lang='lat' dir='ltr'>ostensumest</span> <span class='ocrx_word' id='word_1_175' title='bbox 483 2905 524 2985; x_wconf 86' lang='lat' dir='ltr'>(o.</span> <span class='ocrx_word' id='word_1_176' title='bbox 550 2901 772 2987; x_wconf 72' lang='lat' dir='ltr'>rapinando</span> <span class='ocrx_word' id='word_1_177' title='bbox 796 2902 888 2986; x_wconf 83' lang='lat' dir='ltr'>igitur</span> <span class='ocrx_word' id='word_1_178' title='bbox 922 2895 1168 2984; x_wconf 88' lang='lat' dir='ltr'>unumquodque</span> 
     </span>
     <span class='ocr_line' id='line_1_29' title="bbox 247 2984 1168 3076; baseline -0.017 -13"><span class='ocrx_word' id='word_1_179' title='bbox 247 3001 327 3063; x_wconf 88' lang='lat' dir='ltr'>siout</span> <span class='ocrx_word' id='word_1_180' title='bbox 350 2994 458 3058; x_wconf 90' lang='lat' dir='ltr'>ultimo</span> <span class='ocrx_word' id='word_1_181' title='bbox 483 2993 535 3056; x_wconf 88' lang='lat' dir='ltr'>fini</span> <span class='ocrx_word' id='word_1_182' title='bbox 559 2992 627 3056; x_wconf 87' lang='lat' dir='ltr'>Deo</span> <span class='ocrx_word' id='word_1_183' title='bbox 650 2990 796 3076; x_wconf 79' lang='lat' dir='ltr'>conjungi</span> <span class='ocrx_word' id='word_1_184' title='bbox 820 3000 935 3075; x_wconf 89' lang='lat' dir='ltr'>quanto</span> <span class='ocrx_word' id='word_1_185' title='bbox 974 2987 1072 3071; x_wconf 76' lang='lat' dir='ltr'>magis</span> <span class='ocrx_word' id='word_1_186' title='bbox 1106 2984 1168 3048; x_wconf 89' lang='lat' dir='ltr'>sibi</span> 
     </span>
     <span class='ocr_line' id='line_1_30' title="bbox 251 3072 1236 3170; baseline -0.014 -21"><span class='ocrx_word' id='word_1_187' title='bbox 251 3083 396 3170; x_wconf 83' lang='lat' dir='ltr'>possibile</span> <span class='ocrx_word' id='word_1_188' title='bbox 430 3097 484 3147; x_wconf 87' lang='grc' dir='ltr'><strong>εει.</strong></span> <span class='ocrx_word' id='word_1_189' title='bbox 519 3080 653 3146; x_wconf 83' lang='lat' dir='ltr'>Vicinius</span> <span class='ocrx_word' id='word_1_190' title='bbox 676 3094 779 3144; x_wconf 87' lang='lat' dir='ltr'>autern</span> <span class='ocrx_word' id='word_1_191' title='bbox 816 3076 1013 3161; x_wconf 81' lang='lat' dir='ltr'>conjungitur</span> <span class='ocrx_word' id='word_1_192' title='bbox 1051 3072 1169 3168; x_wconf 83' lang='lat' dir='ltr'>aliquid</span> <span class='ocrx_word' id='word_1_193' title='bbox 1235 3151 1236 3154; x_wconf 8' lang='grc' dir='ltr'><strong>Ἴ</strong></span> 
     </span>
     <span class='ocr_line' id='line_1_31' title="bbox 247 3162 1236 3257; baseline -0.014 -20"><span class='ocrx_word' id='word_1_194' title='bbox 247 3177 314 3240; x_wconf 89' lang='lat' dir='ltr'>Deo</span> <span class='ocrx_word' id='word_1_195' title='bbox 338 3192 392 3257; x_wconf 88' lang='lat' dir='ltr'>per</span> <span class='ocrx_word' id='word_1_196' title='bbox 415 3171 474 3235; x_wconf 90' lang='lat' dir='ltr'>hoo</span> <span class='ocrx_word' id='word_1_197' title='bbox 487 3171 569 3256; x_wconf 88' lang='lat' dir='ltr'>quod</span> <span class='ocrx_word' id='word_1_198' title='bbox 582 3170 620 3233; x_wconf 90' lang='lat' dir='ltr'>ad</span> <span class='ocrx_word' id='word_1_199' title='bbox 637 3171 734 3254; x_wconf 85' lang='lat' dir='ltr'>ipsam</span> <span class='ocrx_word' id='word_1_200' title='bbox 751 3166 952 3232; x_wconf 72' lang='lat' dir='ltr'>substantiam</span> <span class='ocrx_word' id='word_1_201' title='bbox 969 3164 1035 3250; x_wconf 83' lang='lat' dir='ltr'>ejus</span> <span class='ocrx_word' id='word_1_202' title='bbox 1062 3162 1169 3246; x_wconf 86' lang='lat' dir='ltr'>aiiquo</span> <span class='ocrx_word' id='word_1_203' title='bbox 1235 3163 1236 3168; x_wconf 75' lang='grc'>’</span> 
     </span>
     <span class='ocr_line' id='line_1_32' title="bbox 248 3245 1236 3346; baseline -0.01 -21"><span class='ocrx_word' id='word_1_204' title='bbox 248 3260 342 3326; x_wconf 88' lang='lat' dir='ltr'>modo</span> <span class='ocrx_word' id='word_1_205' title='bbox 353 3261 509 3346; x_wconf 68' lang='lat' dir='ltr'>,pertingit</span> <span class='ocrx_word' id='word_1_206' title='bbox 532 3256 631 3346; x_wconf 90' lang='lat' dir='ltr'>(quod</span> <span class='ocrx_word' id='word_1_207' title='bbox 648 3258 680 3322; x_wconf 86' lang='lat' dir='ltr'>fn</span> <span class='ocrx_word' id='word_1_208' title='bbox 694 3259 768 3321; x_wconf 86' lang='lat' dir='ltr'>dum</span> <span class='ocrx_word' id='word_1_209' title='bbox 796 3254 910 3340; x_wconf 81' lang='lat' dir='ltr'>aliquid</span> <span class='ocrx_word' id='word_1_210' title='bbox 923 3253 992 3340; x_wconf 87' lang='lat' dir='ltr'>quis</span> <span class='ocrx_word' id='word_1_211' title='bbox 1008 3253 1169 3335; x_wconf 76' lang='lat' dir='ltr'>cognoscit</span> <span class='ocrx_word' id='word_1_212' title='bbox 1235 3245 1236 3262; x_wconf 57' lang='lat'>¹</span> 
     </span>
     <span class='ocr_line' id='line_1_33' title="bbox 248 3341 1169 3432; baseline -0.015 -15"><span class='ocrx_word' id='word_1_213' title='bbox 248 3354 287 3417; x_wconf 89' lang='lat' dir='ltr'>de</span> <span class='ocrx_word' id='word_1_214' title='bbox 310 3350 411 3416; x_wconf 86' lang='lat' dir='ltr'>divina</span> <span class='ocrx_word' id='word_1_215' title='bbox 435 3349 630 3432; x_wconf 85' lang='lat' dir='ltr'>substantia),</span> <span class='ocrx_word' id='word_1_216' title='bbox 655 3367 748 3432; x_wconf 90' lang='lat' dir='ltr'>quam</span> <span class='ocrx_word' id='word_1_217' title='bbox 772 3345 847 3408; x_wconf 87' lang='lat' dir='ltr'>durn</span> <span class='ocrx_word' id='word_1_218' title='bbox 871 3342 1071 3428; x_wconf 82' lang='lat' dir='ltr'>consequitur</span> <span class='ocrx_word' id='word_1_219' title='bbox 1098 3341 1169 3424; x_wconf 81' lang='lat' dir='ltr'>ejus</span> 
     </span>
     <span class='ocr_line' id='line_1_34' title="bbox 249 3429 1170 3537; baseline -0.013 -31"><span class='ocrx_word' id='word_1_220' title='bbox 249 3441 382 3537; x_wconf 81' lang='lat' dir='ltr'>aliquam</span> <span class='ocrx_word' id='word_1_221' title='bbox 406 3438 649 3504; x_wconf 87' lang='lat' dir='ltr'>similitudinem.</span> <span class='ocrx_word' id='word_1_222' title='bbox 663 3434 836 3500; x_wconf 81' lang='lat' dir='ltr'>Substantia</span> <span class='ocrx_word' id='word_1_223' title='bbox 850 3433 941 3517; x_wconf 80' lang='lat' dir='ltr'>igitur</span> <span class='ocrx_word' id='word_1_224' title='bbox 954 3429 1170 3495; x_wconf 82' lang='lat' dir='ltr'>intellectualis</span> 
     </span>
    </p>
   </div>
   <div class='ocr_carea' id='block_1_5' title="bbox 301 3540 1028 3616">
    <p class='ocr_par' dir='ltr' id='par_1_7' title="bbox 301 3540 1028 3616">
     <span class='ocr_line' id='line_1_35' title="bbox 301 3540 1028 3616; baseline -0.01 -17"><span class='ocrx_word' id='word_1_225' title='bbox 301 3547 339 3616; x_wconf 76' lang='lat' dir='ltr'>(i)</span> <span class='ocrx_word' id='word_1_226' title='bbox 358 3544 495 3614; x_wconf 71' lang='lat' dir='ltr'>offuturum,</span> <span class='ocrx_word' id='word_1_227' title='bbox 514 3561 575 3600; x_wconf 84' lang='lat' dir='ltr'>casu</span> <span class='ocrx_word' id='word_1_228' title='bbox 594 3559 653 3614; x_wconf 76' lang='lat' dir='ltr'>gen.</span> <span class='ocrx_word' id='word_1_229' title='bbox 672 3545 741 3614; x_wconf 85' lang='lat' dir='ltr'>plur.</span> <span class='ocrx_word' id='word_1_230' title='bbox 759 3543 828 3597; x_wconf 83' lang='lat' dir='ltr'>vocis</span> <span class='ocrx_word' id='word_1_231' title='bbox 845 3547 938 3608; x_wconf 80' lang='lat' dir='ltr'>motor,</span> <span class='ocrx_word' id='word_1_232' title='bbox 967 3540 1028 3593; x_wconf 83' lang='lat' dir='ltr'>oria.</span> 
     </span>
    </p>
   </div>
   <div class='ocr_carea' id='block_1_6' title="bbox 0 0 1271 3970">
    <p class='ocr_par' dir='ltr' id='par_1_8' title="bbox 0 0 1271 3970">
     <span class='ocr_line' id='line_1_36' title="bbox 0 0 1271 3970; baseline 0 0"><span class='ocrx_word' id='word_1_233' title='bbox 0 0 1271 3970; x_wconf 95' lang='lat' dir='ltr'> </span> 
     </span>
    </p>
   </div>
  </div>
 </body>
</html>
