2516 3968
343 272 346 276 ·
430 269 486 322 ura.
511 269 551 316 ιιι.
574 269 637 318 ona.
660 270 734 320 auru
966 252 1032 319 ten

110 336 228 430 possint
250 337 439 424 imprimere,
461 350 609 426 utsupra
631 340 673 426 (e.
697 339 755 424 st)
778 351 937 407 ostensum
972 355 1031 416 est,

110 427 236 516 plurimi
274 439 376 492 tamen
415 441 585 514 sequuntur
619 429 751 517 impetus
785 430 962 516 passionum
1000 441 1032 498 et

111 516 326 586 inclinationes
346 517 532 603 eorporales,
556 517 680 603 inques
713 516 879 586 effieaaiam
915 518 1032 588 babere
1066 568 1069 582 .

112 605 257 674 caelestia
292 625 424 693 corpora
460 604 659 672 manifestum
698 620 769 684 est3
806 607 907 674 solum
947 608 1032 674 enim

113 695 298 781 sapientum,
314 714 447 780 quorum
471 709 519 760 est
541 715 652 782 parvus
675 717 835 775 uumerus,
858 709 903 762 est
927 695 1034 782 liujus·

114 783 203 850 medi
223 784 416 870 passionibus
439 783 576 850 obviam.
600 784 636 850 llt
659 785 731 850 inde
752 797 798 850 est
821 784 904 871 quod
939 787 1033 852 etiam

114 872 154 940 de
177 872 295 940 antibus
317 871 483 939 homiuum
504 872 599 938 multa
623 873 804 959 praedicere
825 886 962 960 possunt,
999 875 1032 940 li·

115 975 164 1029 oet
186 963 374 1046 quandoque
394 975 424 1028 et
447 961 504 1046 ipsi
538 962 568 1026 in
607 963 854 1049 praenuntiando
889 962 1035 1030 deliniant

116 1063 243 1139 propter
272 1049 388 1124 arbitrii
412 1049 594 1116 libertatem.
619 1050 660 1116 lia
683 1071 756 1117 nero
790 1071 870 1138 quae
908 1072 1033 1138 praeeo-

118 1151 275 1225 gnoseunt
293 1139 509 1224 praesumens
531 1138 667 1224 quidam
703 1161 765 1206 non
788 1154 924 1208 merrtem
963 1141 1033 1207 illu·

117 1227 254 1306 strando3
270 1228 347 1294 siout
363 1228 396 1294 iu
410 1227 595 1294 revelatione
619 1227 733 1296 divina:
748 1249 812 1298 netu
824 1231 910 1297 enim
921 1250 1033 1297 eorum

118 1317 248 1382 intentio
270 1329 316 1382 est
338 1329 372 1382 ut
394 1337 482 1383 mens
505 1317 642 1382 humana
679 1316 853 1403 perficiatur
891 1318 930 1384 ad
952 1319 1034 1384 veri·

118 1418 212 1471 tatem
235 1405 494 1490 mgnoseendana,
516 1404 571 1470 sed
602 1406 699 1493 magis
735 1407 819 1491 quod
853 1428 871 1472 a
908 1408 1034 1474 veritate

119 1507 289 1560 avertatur.
314 1494 535 1560 Praenuntiant
557 1507 659 1560 autem
684 1495 870 1582 quaudoque
907 1496 1035 1581 quidem

121 1583 292 1650 seeundum
316 1583 544 1668 imaginationis
565 1583 823 1662 immutationem,
846 1583 893 1648 vel
916 1587 947 1652 in
963 1585 1037 1650 dor-

120 1672 347 1751 mieudo,sieut
368 1693 439 1739 aum
464 1691 519 1756 per
541 1672 661 1737 somnia
677 1672 851 1758 adquorum
863 1671 1039 1739 futurorum

120 1761 232 1827 indioia
257 1773 441 1834 monstrant,
463 1760 527 1825 sire
561 1760 658 1825 etiarn·
690 1761 854 1846 vigilando,
891 1763 969 1828 sieut
1008 1762 1040 1826 in

122 1849 287 1936 arreptitiis
307 1862 337 1914 et
360 1849 545 1935 pbreuetieis
583 1861 678 1935 patet,
712 1850 764 1936 qui
803 1849 903 1936 aliqua
938 1849 1042 1920 lutura

124 1939 353 2024 praenuntians
378 1939 653 2024 dinunumerare,
678 1959 733 2026 per
755 1938 857 2024 aliqua
890 1939 1043 2006 exteriora
1130 2003 1132 2017 ,

123 2027 248 2104 indicia,
270 2029 349 2093 sieut
371 2048 426 2113 per
449 2041 553 2094 motus
568 2042 603 2093 ‘et
625 2030 756 2110 garritus
778 2029 880 2094 avium
918 2041 949 2094 et
987 2047 1044 2114 per

126 2136 163 2182 ea
186 2137 267 2204 quae
289 2128 437 2203 apparent
459 2117 489 2180 in
513 2117 588 2180 extis
612 2117 844 2195 animalium,et
866 2118 898 2182 in
913 2131 1042 2202 puncto·

125 2207 207 2270 ιιιιιιΙ
223 2205 432 2292 quorumdum
456 2204 713 2290 deseriptione,et
737 2205 767 2268 in
782 2203 933 2270 similibus
960 2223 1041 2291 quae

125 2308 210 2360 sorte
232 2295 365 2380 quadam
389 2292 455 2358 lieri
480 2291 631 2368 vidntur,
654 2292 819 2378 aliquando
843 2305 959 2372 autem,
996 2294 1040 2358 vi·

125 2383 256 2448 sibiliter
277 2381 455 2469 apparendo
479 2393 510 2445 et
531 2401 676 2447 sermone
708 2381 846 2447 sensibili
885 2401 1039 2468 praenun·
1144 2435 1147 2442 .

83 2481 87 2490 ’
125 2472 230 2537 tiando
253 2471 364 2536 lutura.
387 2505 432 2522 -
454 2469 499 2541 n,
522 2468 592 2536 lieet
615 2469 728 2535 borum
762 2469 906 2536 ultimum
939 2473 1039 2536 mani·

126 2560 204 2627 feste
225 2580 280 2646 per
302 2560 453 2644 malignos
475 2557 597 2644 spiritus
620 2557 683 2633 liat,
706 2570 809 2624 tamen
832 2558 890 2624 elia
912 2559 1038 2644 quidam

126 2649 276 2716 reducere
298 2661 449 2715 conantur
472 2648 503 2714 in
527 2647 643 2734 aliquas
666 2667 773 2713 ovauaas
796 2647 960 2714 naturales.
984 2648 1038 2713 Di·

127 2751 202 2804 aunt
225 2739 308 2802 enim
331 2737 426 2823 quod,
448 2756 521 2803 eam
543 2756 655 2822 eorpus
677 2735 807 2802 eoeleste
842 2748 964 2800 moveat
1000 2735 1041 2803 ad

126 2827 246 2914 aliquos
261 2828 388 2894 effeetus
410 2827 517 2894 inistis
539 2824 745 2902 inferioribus,
757 2844 795 2890 ex
818 2823 957 2909 ejusdem
974 2845 1043 2890 eor·

128 2917 211 3004 poris
235 2916 438 3002 impressione
461 2915 491 2978 in
515 2913 667 3001 aliquibus
690 2914 783 2980 rebus
805 2913 886 2978 illius
919 2911 1046 2980 effeetus

128 3006 215 3089 signa
239 3003 391 3092 quaedem
415 3017 572 3089 apparent;
595 3003 759 3068 seelestam
797 3001 881 3066 enirn
917 3001 1047 3086 impres·

129 3095 249 3159 sionem
273 3094 482 3158 diversantes
506 3091 713 3158 diversimode
743 3091 905 3176 recipiunt.
930 3088 1049 3154 Secun-

127 3181 204 3248 dum
227 3183 287 3248 hoo
310 3201 385 3265 ergo
408 3180 513 3245 dieunt
536 3180 618 3264 quod
645 3180 818 3246 immutatio
842 3197 921 3264 quae
960 3179 993 3244 lit
1031 3199 1049 3245 a

129 3290 264 3358 corpore
284 3269 407 3335 caelesti
430 3269 461 3332 in
484 3268 587 3352 aliqua
611 3287 644 3334 re
657 3280 756 3354 potest
771 3268 866 3354 accipi
880 3266 1051 3351 utsignum

129 3359 350 3425 immutationis
366 3357 490 3422 alterius
506 3356 561 3433 rei3
573 3371 602 3421 et
626 3356 696 3421 ideo
719 3357 825 3422 dieunt
849 3354 933 3442 quod
949 3369 1051 3422 inatus

130 3449 184 3535 qui
206 3461 278 3514 sum
300 3459 421 3534 praeter
443 3443 696 3511 deliberationem
721 3445 857 3524 rationis,
871 3444 977 3508 utvisa
1001 3465 1051 3510 so-

130 3537 315 3606 mniantium
325 3549 356 3604 et
371 3555 480 3606 eorum
490 3534 543 3623 qui
558 3547 629 3606 suat
644 3545 749 3602 mente
760 3536 850 3624 eapti,
862 3548 892 3602 et
903 3545 1005 3603 motus
1018 3546 1049 3600 et
