2452 3970
396 251 452 297 ara.
476 252 516 296 nr.
542 251 606 297 cae.
630 253 708 299 surr.
929 234 993 300 9⁶27

80 319 342 400 demonstrabilia,
358 340 438 406 quae
460 335 689 405 cognoscuntur
709 340 763 408 per
778 320 884 387 lumen
906 323 996 388 intel·

80 411 171 477 lectus
195 411 326 495 agentis.
349 409 381 474 Si
405 410 496 494 igitur
518 431 574 475 nos
597 410 637 476 de
660 413 763 477 anima
785 411 899 476 seimus
921 411 995 496 quid

78 514 121 565 εει
142 519 201 586 per
226 500 323 584 ipsam
348 499 495 577 animam,
519 500 578 564 boe
601 499 658 564 erit
675 499 854 564 naturaliter
876 515 995 565 notum.

77 587 108 652 ln
131 590 180 655 his
204 601 309 655 autem
333 607 413 674 quae
436 589 615 654 naturaliter
631 603 703 653 uota
726 601 807 666 sunt,
830 587 931 654 nullus
944 610 996 676 po·

75 689 131 742 test
154 697 273 754 errare;
296 677 327 742 in
365 677 540 760 cognitione
578 677 661 742 enim
693 677 913 765 principiorum
951 680 998 742 in-

75 765 344 832 demostrabilium
368 765 471 830 nullus
504 780 595 831 errat.
624 766 731 831 Nullus
764 765 858 850 igitur
880 783 999 833 erraret

74 860 154 920 circa
179 857 319 920 animam
342 856 416 941 quid
440 868 496 930 εει,
519 856 544 920 si
579 856 638 920 hoe
661 857 764 920 anima
788 875 843 941 per
865 856 999 941 seipsam

74 958 289 1028 cognoscerer
326 943 410 1029 quod
434 957 517 1029 patet
556 964 623 1009 csse
656 943 778 1020 falsum,
807 963 893 1009 cum=
911 945 999 1008 multi

75 1033 192 1117 opinati
217 1033 278 1098 siut
300 1034 434 1096 animam
458 1051 526 1097 esse
560 1033 619 1098 boe
642 1033 689 1097 vel
713 1031 788 1096 illud
824 1052 947 1119 eorpus,
970 1047 1000 1098 ει

75 1121 168 1206 aliqui
194 1141 363 1198 numerum
388 1120 436 1186 vel
459 1121 664 1186 harmoniam.
688 1121 756 1186 Non
778 1121 872 1206 igitur
894 1122 997 1187 anima

75 1229 130 1294 per
152 1210 290 1296 seipsam
313 1210 470 1294 cognoscit
491 1210 529 1274 da
554 1230 588 1275 se
611 1210 685 1296 quid
707 1225 764 1276 est.

141 1299 295 1384 Amplius,
303 1298 335 1362 ln
345 1297 596 1384 quolibetordine
606 1298 690 1384 quod
703 1310 748 1362 est
756 1312 908 1385 persecet
917 1299 1000 1384 prius

76 1407 113 1451 eo
132 1387 221 1473 quod
245 1401 290 1452 εει
302 1406 357 1474 ρει
372 1385 466 1457 aliud,
479 1400 509 1450 et
525 1385 599 1471 (est)
618 1388 801 1474 principium
815 1386 891 1472 ejus.
908 1387 1000 1468 Quod

75 1496 150 1559 ergo
174 1491 223 1540 est
246 1497 302 1562 per
336 1494 370 1540 se
392 1488 511 1553 notum,
535 1490 580 1540 est
604 1477 688 1562 prius
711 1490 819 1541 notum
857 1477 1001 1541 omnibus

76 1584 156 1648 quae
180 1585 240 1650 per
262 1563 346 1630 aliud
378 1578 621 1649 cognoscuntur,'
640 1578 670 1630 et
714 1570 794 1652 (est)
818 1565 1002 1651 principium

75 1653 284 1736 cognoscendi
309 1671 355 1730 ea,
378 1656 456 1723 siout
479 1653 598 1740 primae
631 1654 856 1740 propositiones
878 1653 1004 1718 conclu-

78 1742 218 1808 sionibus
241 1742 302 1827 (l).
326 1741 357 1805 Si
381 1743 474 1826 igitur
487 1742 589 1806 anima
603 1763 658 1828 per
680 1745 811 1830 seipsam
835 1743 874 1807 de
896 1762 930 1807 se
945 1763 996 1807 co-

78 1831 198 1910 gnoscit
213 1831 289 1916 quid
315 1843 370 1908 εει,
384 1831 442 1896 lroc
454 1831 511 1894 erit
524 1851 579 1916 per
594 1852 627 1896 se
643 1846 750 1897 notum
767 1847 796 1896 et
820 1851 874 1918 per
897 1852 1003 1896 conse·

78 1937 177 2003 quens
193 1920 296 2006 primo
323 1932 484 2009 notum'et
508 1921 691 2006 principium
715 1920 919 2005 cognoscendi
933 1921 1001 1985 alia.

79 2003 141 2072 Hoc
154 2025 259 2074 autem
276 2021 358 2095 patet
379 2028 446 2073 esse
463 2007 583 2082 salsum;
600 2030 671 2074 nam
684 2011 814 2096 quidest
827 2011 927 2074 anima
941 2028 1003 2074 non

78 2099 263 2182 supponitur
285 2095 454 2162 inscientia
485 2098 572 2180 quasi
589 2111 708 2177 notum,
732 2099 788 2164 sed
823 2099 1003 2184 proponitur

79 2185 195 2250 oxaliis
219 2185 449 2272 inquirendum.
487 2185 554 2250 Non
591 2181 682 2271 igitur
706 2189 807 2252 anima
831 2189 871 2251 de
903 2187 1002 2273 seipsa

77 2275 236 2358 cognoscit
250 2274 325 2359 quid
353 2289 408 2354 est,
432 2294 487 2360 per
510 2275 654 2362 seipsam.

144 2362 232 2428 Patet
247 2377 351 2428 autem
367 2363 450 2449 quod
467 2383 523 2428 nec
540 2364 605 2449 ipse
621 2363 809 2447 Augustinus
826 2362 884 2428 boc
899 2364 1004 2443 voluit3

78 2448 150 2515 dicit
180 2452 265 2516 enim
289 2451 373 2537 quod
397 2453 514 2528 estimo,
537 2471 607 2516 curn
629 2453 678 2517 sni
705 2453 851 2517 notitiam
873 2455 1003 2537 quaerit,

79 2557 139 2602 raon
159 2542 246 2606 velut
259 2541 417 2606 abentem
440 2541 607 2625 requaerit
629 2561 767 2619 cernere,
782 2543 1004 2625 sedproesen·

55 2637 140 2693 ‚tem
162 2649 197 2694 εε
213 2643 302 2694 corat
316 2631 504 2704 discernere
521 2650 589 2694 non
616 2642 652 2696 ιιι
673 2641 835 2716 coprtoscnt
858 2651 890 2696 εε
917 2635 1005 2716 quoni

81 2734 141 2780 noa
169 2719 262 2794 iterii,
296 2720 408 2784 redut
438 2720 598 2803 dipnoacot
635 2719 675 2784 ab
698 2739 733 2784 eo
755 2720 839 2803 quod
871 2722 1005 2786 atteram

82 2807 165 2870 nocit
186 2807 303 2894 (bilin
325 2829 388 2896 quo
412 2808 463 2872 dat
479 2807 651 2892 intelligere
667 2808 751 2894 quod
768 2809 870 2872 anima
895 2830 949 2895 per
971 2829 1004 2872 se

81 2898 238 2977 cognoscit
260 2898 393 2984 seipsam
417 2897 502 2984 quasi
539 2911 743 2981 praesentem,
767 2917 831 2962 non
855 2898 941 2983 quasi
965 2898 1003 2962 ab

83 2979 147 3048 aliis
169 2984 356 3065 distinctam;
381 2987 464 3052 untle
486 2999 517 3050 et
541 2987 572 3049 in
609 2986 667 3051 hoo
692 2985 766 3050 dicit
800 2985 877 3051 alios
901 3006 1005 3052 errare

83 3072 164 3155 quod
188 3075 322 3140 animam
346 3096 410 3141 non
443 3075 649 3140 distinxerunt
682 3074 722 3139 ab
751 3074 810 3140 illis
833 3088 1006 3161 quaesunt

82 3161 119 3224 ab
141 3163 206 3248 ipsa
228 3163 360 3230 diuersa.
384 3164 444 3229 Per
466 3164 526 3228 boe
549 3175 652 3228 autem
675 3163 761 3249 quod
784 3164 878 3230 scitur
899 3163 939 3230 tle
967 3184 1006 3228 re

134 3323 174 3388 (l)
191 3285 382 3392 Sicutirrimoe
406 3323 598 3394 propositiones
626 3321 847 3393 conclusionibus,
865 3325 883 3380 i.
901 3341 926 3379 ε.
940 3325 1011 3378 εἰειιι

87 3393 195 3480 primae·
213 3396 404 3465 propositiones
422 3402 485 3450 sunt
508 3393 610 3465 priores
640 3395 849 3451 conclusionibus
871 3404 898 3450 ει
916 3413 1007 3451 earum

87 3475 221 3538 prmcrpm.

135 3536 174 3608 (b)
191 3537 217 3595 S.
235 3536 314 3609 nug..¹
330 3537 362 3594 de
383 3537 490 3608 Triarii,
507 3537 525 3598 1.
542 3536 585 3594 tu.
