2478 3972
411 247 465 292 ειε.
491 249 530 292 m.
555 248 617 293 cita.
643 245 699 290 act.
954 223 1018 289 als

168 314 245 380 Nam
269 327 390 401 oportet
412 337 505 381 omne
529 315 717 380 multiforme
741 329 770 379 et
808 315 954 380 mutabile
990 329 1020 379 et

98 403 233 470 delicere
258 419 366 490 potens
389 405 504 483 reduci,
528 408 604 470 sicut
629 408 658 470 in
684 404 879 491 principium,
909 409 939 468 in
963 405 1019 469 ali·

97 495 182 579 quod
201 494 355 559 uniforme
378 511 407 560 et
431 495 623 559 immutabile
646 507 675 558 et
713 491 846 560 delicere
870 513 932 557 non
968 514 1019 558 vu·

97 583 176 648 lens.
201 581 313 646 Omnia
338 599 439 648 autem
463 585 595 669 quaein
619 583 707 648 nobis
730 597 800 648 suut
824 583 1020 647 inveniuntur

96 691 166 736 esse
191 671 380 757 multiplicia3
404 673 560 738 variabilia
584 685 614 736 et
637 671 830 736 defectibilia.

164 759 253 824 Patet
276 762 359 824 enim
382 762 465 847 quod
490 763 656 826 electiones
686 774 808 825 nostrae
846 758 1019 845 multiplici-

96 861 194 912 tatem
219 848 343 926 hubent,
366 871 436 914 cum
461 854 491 914 in
515 852 642 915 diversis
665 865 694 914 et
716 871 733 913 a
758 849 886 913 diversis
900 849 1020 913 diversa

95 938 263 1022 eligantur,
276 939 438 1004 mutabiles
459 941 551 1003 etiam
575 953 743 1018 scottum
769 951 893 1024 propter
926 940 1020 1004 animi

94 1026 255 1090 levitatem
279 1029 329 1111 qui
355 1049 416 1092 non
439 1041 486 1093 est
509 1029 646 1092 litmatus
670 1029 700 1092 ln
725 1027 787 1091 bno
811 1027 931 1106 ultimo,
955 1041 1018 1092 tum

95 1116 193 1179 etiam
217 1129 342 1201 propter
367 1131 566 1182 mutationem
593 1137 800 1201 rerumquae
840 1137 895 1180 nos
934 1131 1019 1182 extra

94 1207 309 1280 circumstant3
332 1206 415 1290 quod
439 1220 541 1270 autem
565 1205 755 1270 defectibiles
771 1205 1018 1281 sint,bominum

94 1307 222 1380 peccata
247 1306 406 1358 testantur.
430 1295 538 1358 Divina
562 1309 664 1358 autem
693 1295 833 1359 voluntas
857 1293 1018 1358 unil'otmis

94 1395 153 1459 εει,
177 1382 248 1467 quia
272 1403 367 1446 unum
393 1384 525 1448 volendo
548 1385 651 1447 omniu
676 1383 732 1447 alia
757 1383 829 1460 vult,
853 1395 883 1448 et
906 1385 1019 1447 immu-

97 1470 201 1536 tabilis
223 1483 253 1533 et
276 1470 454 1537 indeficiens
478 1487 533 1550 est,
556 1487 588 1536 ut
612 1487 768 1536 ostensum
793 1484 838 1535 cst
869 1471 912 1558 (l.
940 1472 968 1550 l,
992 1493 1017 1536 c.

96 1560 141 1625 ⁶23
167 1571 199 1623 et
222 1559 264 1623 75
280 1560 303 1644 ).
317 1557 444 1646 Oportet
469 1581 544 1644 ergo
583 1562 722 1625 omnium
762 1560 955 1624 voluntatum
990 1574 1020 1625 et

96 1649 286 1712 electionum
311 1665 413 1714 motus
444 1651 474 1714 in
513 1649 648 1714 divinam
681 1649 868 1714 voluntatem
903 1649 1018 1725 reduci,

97 1758 162 1802 non
188 1751 291 1801 autem
314 1739 345 1801 in
379 1739 512 1826 aliquam
550 1739 640 1804 aliam
664 1759 800 1816 causam,
832 1738 903 1823 quia
936 1738 1018 1803 solus

98 1827 185 1891 Deus
198 1841 371 1891 nostrarum
396 1832 586 1893 voluntatum
604 1843 634 1892 et
648 1828 832 1892 electionum
849 1848 939 1892 caasa
964 1843 1017 1892 est.

165 1915 314 1980 Similiter
336 1931 438 1980 autem
462 1918 661 2002 intelligentia
694 1931 795 1981 nostra
837 1915 1017 2003 multiplica-
1125 2003 1129 2010 Ι

98 2005 215 2068 tionem
240 2005 342 2083 babet,
365 2007 434 2092 quia
460 2027 497 2070 ex
522 2008 625 2071 multis
647 2006 845 2070 sensibilibus
857 2007 1015 2072 veritatem

98 2093 324 2177 intelligibilem
348 2097 434 2180 quasi
459 2115 695 2180 congregamus
722 2109 767 2159 est
801 2096 892 2158 etiam
917 2109 1016 2160 muta·
1087 2097 1091 2106 '

98 2182 180 2260 bilis,
204 2183 274 2267 quia
298 2203 336 2247 cx
360 2203 422 2247 uno
445 2185 475 2248 in
513 2186 596 2249 aliud
631 2184 833 2249 discurrendo
868 2185 1018 2268 procedit,

97 2289 134 2336 ex
159 2278 239 2335 notis
256 2272 414 2355 ad·ignota
439 2275 632 2358 proveniens,
655 2288 701 2338 est
720 2275 812 2337 etiam
836 2271 1017 2336 defectibilis

96 2375 224 2448 propter
247 2364 478 2446 permixtionem
515 2363 692 2449 phantasiae
716 2378 745 2426 et
768 2381 886 2438 sensus,
911 2375 942 2426 ut
969 2381 1019 2426 er·

97 2470 185 2514 rores
209 2450 370 2514 bominum
395 2451 571 2516 ostendunt.
610 2451 796 2535 Angelorum
831 2467 933 2514 autem
965 2471 1016 2515 eo·

96 2539 196 2623 gnitio
219 2551 264 2602 εει
290 2539 460 2617 uniformis,
472 2543 542 2626 qaia
555 2541 594 2604 ab
617 2541 684 2626 ipso
704 2561 765 2604 uno
783 2540 916 2604 veritatis
931 2538 1016 2604 lontc

95 2627 212 2692 scilicet
239 2627 317 2703 Deo,
354 2631 506 2714 accipiunt
543 2631 677 2693 veritatis
711 2630 932 2712 cognitloaenc
970 2643 1016 2692 est

96 2718 191 2780 etiam
216 2717 394 2795 immobilis,
417 2719 488 2802 quia
513 2719 799 2782 nontliacumendo
838 2718 877 2780 ab
899 2714 1015 2779 ellecti-

99 2805 157 2871 bus
182 2807 212 2870 in
236 2825 343 2870 causas
367 2819 418 2870 aut
441 2825 641 2883 occatorem
664 2807 718 2870 sed
741 2804 870 2891 simplici
906 2805 1015 2870 intuitu

95 2915 206 2980 puram
229 2896 387 2959 ueritatem
411 2895 566 2959 derebus
591 2897 757 2972 intuentum
780 2907 825 2958 est
855 2894 946 2957 etiam
972 2895 1014 2957 in·

94 2982 289 3061 defectibilis,
312 3005 383 3048 cum
408 2985 488 3069 ipsas
512 3001 615 3047 terum
641 2999 764 3046 naturas
801 3001 856 3046 seu
895 2981 1016 3066 quiddi·

95 3087 172 3137 tates
195 3073 373 3137 intueantur
395 3093 450 3159 per
473 3075 598 3158 seipsae,
621 3075 699 3136 circa
725 3091 801 3157 quas
832 3091 893 3134 non
917 3087 1016 3156 potest

94 3161 266 3226 intellectus
289 3181 403 3239 errare,
425 3164 505 3227 sicut
539 3181 596 3225 nec
632 3179 740 3225 sensus
773 3161 854 3224 cirea
892 3161 1014 3246 propria

94 3250 262 3327 sensibilia3
285 3269 341 3315 nos
365 3264 468 3315 antem
493 3251 677 3337 quitlditatcs
717 3269 820 3315 tetum
859 3267 897 3312 ex
935 3251 1015 3312 ucci-

95 3340 241 3404 dentibus
263 3353 293 3402 et
321 3339 478 3404 effectibus
512 3341 737 3423 cognoscimus.
772 3336 901 3428 Oportet
937 3357 1014 3423 ergo

94 3430 179 3515 quod
215 3443 317 3492 nostra
355 3425 568 3494 intellectualis
601 3429 735 3514 cognitio
769 3426 926 3513 reguletur
959 3447 1014 3514 per

95 3517 283 3604 Angelorum
307 3519 526 3601 cognitionem.

187 3607 217 3671 S.
247 3607 299 3670 to.
327 3608 471 3674 satiamus
486 3607 566 3673 l’tu't.
591 3606 624 3674 V.
648 3605 678 3672 2.
883 3605 924 3670 l8
965 3640 970 3664 t
