2462 3968
232 229 298 309 111
429 252 485 296 arn.
509 251 549 296 ιιι.
574 250 637 296 car.
661 251 768 297 ιιιιιιιι.
792 251 827 296 er
851 251 967 299 ιιιιιιιι.

233 317 309 385 dum
330 318 415 384 'burto
437 333 556 386 motum
580 319 618 386 ad
641 331 761 390 motum
784 321 877 387 talem
899 321 961 410 (l).
996 319 1027 386 ld
1044 333 1155 387 autem

233 409 316 494 quod
339 421 385 473 est
408 409 568 474 immobile
601 409 779 495 simpliciter
815 424 861 475 εει
898 411 1085 498 principium
1119 431 1155 475 o-

232 498 313 562 mnis
336 510 448 574 motus,
471 511 504 564 ut
527 519 618 586 supra
642 499 688 586 (l.
714 500 744 578 1,
766 519 792 564 e.
812 495 879 578 15)
903 499 1067 587 probatum
1093 513 1151 564 est.

233 584 324 667 Quod
349 606 426 671 ergo
450 601 496 652 est
534 587 694 652 immobile
727 586 898 654 seeundum
936 587 1153 653 alterationem
1223 607 1224 650 t

232 687 278 739 εει
300 673 485 761 principium
512 678 614 742 omnis
636 676 832 742 alterationis.
869 677 1006 764 Corpora
1043 690 1152 741 autem

232 762 373 828 caelestia
411 763 475 828 sola
509 765 590 830 inter
623 766 793 851 corporalia
830 780 902 832 sunt
935 765 1167 842 inalteralrilia,·

230 851 312 938 quod
336 853 526 919 demonstrat
560 853 718 942 dispositio
757 873 877 932 eorum,
911 873 990 940 quae
1022 873 1152 940 semper

230 941 338 1006 eadem
361 943 522 1008 iuvenitur.
546 941 596 1008 list
619 964 693 1029 ergo
716 963 827 1030 eorpus
849 943 980 1009 caeleste
995 963 1087 1008 eausa
1114 961 1149 1006 o·

230 1028 311 1094 mnis
334 1027 521 1098 alterationis
544 1033 575 1096 in
600 1031 749 1119 hisquae
783 1031 962 1097 alterantur.
1000 1031 1149 1096 literatio

231 1129 334 1182 autem
360 1119 390 1184 in
418 1120 466 1184 his
508 1120 705 1186 inferioribus
742 1134 788 1186 εει
825 1121 1009 1208 principium
1046 1123 1151 1185 omnis

230 1219 343 1284 motus;
367 1227 438 1272 nam
462 1229 518 1295 per
533 1209 743 1275 alterationem
756 1210 933 1296 pervenitur
946 1210 984 1274 ad
997 1228 1147 1292 augmen-

228 1307 294 1359 tum
318 1309 348 1361 ει
370 1299 611 1381 generationem
632 1317 784 1384 generans
817 1311 920 1363 autem
959 1312 1004 1363 est
1043 1313 1147 1362 motor
1223 1375 1224 1380 ἵ

226 1402 282 1468 per
304 1403 337 1449 se
360 1385 391 1448 in
416 1399 505 1451 motu
529 1387 616 1452 locali
640 1388 779 1472 gravium
804 1403 833 1452 et
856 1389 981 1452 levium.
1014 1383 1146 1473 Oportet
1223 1403 1224 1420 ³

225 1491 301 1556 ergo
323 1473 407 1559 quod
429 1475 554 1541 eaelum
578 1476 616 1542 sit
640 1497 731 1542 eausa
755 1477 856 1542 omnis
886 1491 987 1541 motus
1010 1476 1041 1539 itt
1078 1475 1146 1540 istis

224 1560 419 1628 inferioribus
442 1564 632 1650 corporibus.

287 1648 336 1716 Sio
358 1671 433 1736 ergo
456 1666 542 1738 patet
565 1651 650 1739 quod
674 1673 803 1740 corpora
837 1653 980 1718 inferiora
1018 1673 1034 1715 a
1073 1651 1144 1716 Deo

220 1756 275 1823 per
298 1757 427 1826 corpora
449 1741 608 1828 superiora
631 1757 790 1827 reguntur.

496 1917 553 1985 CA
566 1917 589 1983 P
604 1917 665 1984 UT
704 1917 861 1984 LXXXlll.

474 2094 622 2182 Epilopus
642 2096 884 2182 praedictorum.

286 2271 328 2336 Er
350 2270 495 2339 omnibus
518 2288 622 2340 autem
639 2273 684 2340 his
707 2293 787 2360 quae
824 2287 945 2338 ostensa
979 2287 1050 2338 sunt
1073 2275 1136 2339 ool-

218 2359 314 2443 ligere
337 2381 511 2446 possumus,
534 2361 629 2450 quod,
652 2377 801 2449 quantum
834 2362 873 2427 ad
909 2359 1025 2427 ordinis
1047 2383 1137 2428 eroo-

217 2449 397 2532 gitationem
421 2451 513 2516 rebus
536 2452 727 2536 imponendi,
750 2452 833 2516 Deus
857 2456 961 2516 omnia
1000 2471 1055 2538 per
1079 2455 1136 2518 sei·
1221 2511 1222 2522 .

216 2555 308 2622 psum
332 2537 475 2624 disponit;
499 2541 582 2606 unde
597 2559 690 2627 super
713 2539 800 2604 illud:
836 2539 933 2620 Quem
962 2541 1069 2624 posuit
1104 2563 1137 2606 u-

217 2625 408 2708 littmsttper
429 2627 646 2717 orbem‚quem
666 2627 853 2712 fabricatum
884 2628 946 2693 est?
979 2630 1048 2707 lob,
1085 2630 1137 2706 at,

217 2714 269 2793 153
297 2715 371 2780 dioit
393 2716 567 2803 Gregorius:
591 2718 741 2784 Mundum
774 2721 886 2802 quippe
920 2719 1136 2802 perseipsum

217 2806 299 2890 rapit
322 2805 375 2890 ptri
406 2827 464 2890 per
500 2810 634 2890 seipsum
672 2806 820 2884 medidie
842 2819 872 2870 et
895 2805 1030 2872 Boetius:
1057 2808 1139 2872 Deos

210 2913 269 2974 per
292 2913 324 2957 se
351 2895 453 2959 solum
480 2907 588 2962 corteto
614 2895 752 2979 dispartit
788 2896 850 2983 (1).
889 2895 951 2960 Sed
986 2912 1136 2982 quantum

215 2981 252 3044 ad
277 2983 500 3055 executionem,
525 2983 670 3049 inferiora
694 3003 749 3070 per
786 2984 945 3072 superiora
969 2984 1136 3071 dispensat:

213 3070 383 3155 torporalia
404 3073 542 3160 quidem,
564 3093 621 3159 per
642 3071 822 3158 spiritualia:
857 3072 944 3136 Unde
967 3071 1138 3157 Gregorius

108 3221 111 3228 ⁴
213 3157 539 3227 dieitzlttltoomuttdo
562 3162 680 3227 visibili
702 3161 781 3226 rtiltt'l
798 3162 858 3226 uisi
876 3181 936 3246 per·
961 3162 1134 3227 indivisibi-

235 3353 239 3364 1
262 3281 303 3351 (l)
319 3280 363 3334 Ilu
380 3299 408 3335 se
426 3283 501 3338 babet
520 3284 650 3338 immobile
668 3285 807 3337 secuudum
833 3285 901 3336 butte
929 3290 1055 3337 molum...
1073 3288 1092 3337 i.
1111 3303 1134 3339 e.

209 3377 242 3414 τῦ
260 3369 392 3422 immobile
409 3371 552 3424 seeundum
571 3372 635 3442 quid
661 3375 731 3439 (per
761 3373 911 3442 oppositum
938 3373 972 3425 ad
997 3373 1134 3426 immobile

207 3456 383 3524 simpliciter)
401 3457 434 3508 ita
455 3457 579 3510 sehabet
598 3459 631 3510 ad
651 3445 682 3506 τὸ
702 3465 803 3515 molum
822 3463 964 3517 seeundum
987 3463 1061 3532 quid.

262 3525 300 3595 pl)
324 3525 362 3578 lle
378 3527 484 3596 consol„
502 3543 574 3598 pros.
595 3527 635 3599 11,
654 3545 680 3600 p.
698 3529 760 3583 ato.
