2452 3970
359 267 415 312 nia.
440 268 480 312 ui.
504 267 569 314 non.
593 268 679 312 xuvu.
921 247 978 315 131

82 333 162 402 etiam
185 335 338 424 pertinere
360 336 502 400 videntur
524 335 618 401 verba
631 335 784 421 ejusdem,
798 339 984 424 quaeponit,

81 429 118 491 sie
137 427 249 492 dicens:
274 425 470 492 Snttimton‘a
492 421 623 490 rationis
646 437 692 490 est
698 426 845 510 judicare
864 427 902 491 de
918 428 986 492 ielis

79 514 280 598 corporalibus
302 516 468 580 secundant
492 516 629 579 rationes
644 516 856 597 incorporales
869 527 898 580 et
908 535 986 580 sern-

76 609 217 688 pitaram,
240 624 330 688 quoe,
351 605 411 668 nisi
433 623 529 686 supro
551 615 681 668 mentem
694 605 863 668 humanam
877 617 987 682 essent,

77 691 334 757 incommutabiles
354 691 491 776 protento
514 713 576 757 non
610 704 710 758 essent
746 693 807 778 (l).
843 693 986 758 Rationes

78 797 173 847 autem
213 780 479 846 incommutabiles
517 797 547 846 et
569 784 775 869 sempiternae
798 781 869 846 alibi
892 801 985 868 quam

77 871 104 934 io
126 871 190 936 Deo
206 891 281 935 esse
304 891 366 934 non
391 883 528 956 possunt,
551 891 622 934 eum
646 871 729 935 solus
756 870 850 948 Deus,
876 875 987 935 seeun-

77 961 145 1024 tum
168 959 241 1026 fidei
264 959 445 1036 doctrinam,
468 960 731 1045 sitsempiternus.
745 958 872 1025 Videtur
895 961 987 1043 igitur

76 1049 155 1135 sequi
179 1048 263 1134 quod
288 1048 387 1112 Deum
410 1051 441 1112 iu
464 1049 519 1112 ista
543 1051 602 1112 vita
626 1048 730 1112 videre
753 1050 924 1134 possimus3
956 1061 985 1113 et
1032 1058 1035 1064 “

76 1157 126 1224 per
141 1139 200 1202 hoe
216 1137 299 1223 quod
316 1157 388 1201 eum
412 1150 442 1202 et
459 1137 490 1200 in
513 1157 552 1202 eo
568 1157 672 1202 rerum
690 1137 823 1205 rationes
836 1137 988 1215 vitemus,

76 1228 111 1290 tle
133 1227 199 1291 aliis
218 1226 404 1312 judicamus.
429 1225 495 1290 Non
519 1239 564 1290 est
581 1225 886 1290 autemeredendum
902 1225 987 1312 quod

77 1315 272 1400 Augustinus,
296 1315 326 1378 in
350 1314 450 1378 uerbis
475 1317 662 1400 praemissis,
685 1315 816 1380 senserit
849 1317 932 1399 quod
956 1317 987 1378 in

76 1403 202 1470 tranuito
228 1403 328 1468 Deum
352 1423 407 1490 per
431 1424 519 1468 suam
544 1405 708 1468 essentiam
723 1403 893 1488 intelligere
917 1423 989 1489 pos·

75 1495 177 1569 simus,
193 1513 267 1558 eum
290 1491 478 1556 eotitrarium
501 1492 582 1558 dieat
604 1497 635 1572 iu
659 1492 750 1556 Libro
774 1491 814 1556 de
848 1490 989 1558 Videndo

77 1581 172 1647 Deum
195 1581 235 1646 ed
260 1579 419 1644 Paulinam
442 1581 504 1666 (ᾖ).

140 1671 279 1752 Qualiter
301 1670 392 1752 igitur
414 1669 497 1732 illam
520 1668 803 1733 incommutabilem
830 1668 990 1734 veritatem

79 1758 122 1823 vel
145 1761 217 1824 istas
234 1758 368 1822 rationes
384 1772 523 1821 aeternas
547 1759 576 1821 in
602 1760 659 1822 hae
682 1759 741 1820 vita
765 1756 922 1822 videamus
958 1772 989 1824 et

78 1848 247 1912 seeundum
271 1867 341 1910 eam
364 1846 404 1909 de
426 1846 915 1932 aliisjudieetnuS‚ioquire11dum
931 1859 987 1914 est.

87 1993 89 2000 .
140 1937 304 2003 Veritatem
328 1935 453 2019 quidem
477 1935 507 1998 io
523 1936 626 2000 *aitima
639 1955 706 2000 esse
722 1938 787 2022 ipse
802 1936 987 2020 Augustinus

76 2028 237 2092 cantitetur
260 2023 320 2112 (Zp
344 2023 426 2088 uude
449 2024 488 2089 ab
512 2023 691 2090 aeternitate
715 2027 987 2090 veritatisimmor·

76 2115 219 2180 talitatem
233 2115 354 2178 animae
367 2113 485 2198 probat.
499 2113 566 2178 Non
581 2114 681 2178 solum
695 2127 798 2178 autem
809 2113 853 2178 sie
876 2115 988 2178 veritas

76 2218 118 2268 est
152 2205 183 2268 in
222 2202 325 2267 anima
364 2203 442 2266 sieut
464 2201 548 2268 Deus
573 2223 627 2288 per
651 2199 813 2268 essentiam
840 2204 872 2267 iu
896 2202 989 2266 rebus

78 2293 222 2358 omuibus
246 2291 367 2367 dieitur,
392 2310 492 2376 neque
514 2293 591 2357 sieut
615 2293 644 2355 iu
670 2293 760 2356 rebus
777 2293 920 2357 omnibus
944 2305 990 2356 est

76 2401 129 2466 per
153 2401 242 2446 suam
266 2378 624 2467 similitudinem‚prout
647 2399 850 2466 unaquaeque
885 2399 934 2444 res
957 2380 988 2444 in

78 2484 192 2534 tantum
214 2469 325 2533 dieitur
340 2487 411 2532 uera
434 2470 465 2532 iu
488 2483 637 2554 quantum
661 2470 700 2533 ad
730 2469 789 2533 Dei
815 2469 989 2535 similitudi·

80 2579 147 2624 nent
172 2557 302 2635 accedia
324 2577 388 2622 nou
410 2559 493 2622 enim
517 2561 548 2623 iu
583 2559 642 2624 hon
665 2557 767 2622 anima
791 2563 885 2623 rebus
924 2558 990 2624 aliis

75 2647 256 2734 praefertur.
294 2649 347 2711 Est
383 2661 456 2731 ergo
495 2646 619 2733 speciali
648 2647 796 2711 modain
821 2648 989 2722 animam

76 2751 225 2821 quantum
250 2731 408 2800 ueritatem
431 2737 598 2818 cognoscit.
623 2735 707 2800 Siout
731 2737 822 2820 igitur
845 2737 992 2801 animaet

77 2844 124 2890 res
147 2825 227 2890 aliae
250 2841 341 2888 verae
364 2823 488 2909 quidem
513 2825 656 2890 dicuntur
695 2825 726 2888 in
762 2825 825 2888 suis
862 2825 991 2904 naturis,

76 2914 246 2978 seeundum
269 2912 352 2997 quod
363 2912 594 2978 similitudinem
619 2913 698 2978 illius
709 2933 850 2978 summae
864 2927 991 2978 natutae

78 3003 192 3068 trabem
203 3021 283 3088 quae
296 3014 342 3082 est
356 3001 549 3088 ipsaveritae,
561 3023 631 3066 eum
645 3003 684 3066 sit
698 3022 789 3066 suum
803 3002 990 3067 intellectum

78 3110 153 3170 esse,
165 3094 205 3156 ita
218 3092 249 3156 id
262 3089 346 3176 qnod
362 3110 418 3176 per
434 3091 568 3154 animam
580 3091 737 3173 cognitum
753 3103 799 3154 est
813 3111 920 3155 verum
937 3104 995 3170 est,

78 3181 260 3267 inquantum
272 3179 353 3243 illius
378 3178 500 3243 divinae
525 3179 657 3242 veritatis
673 3198 766 3262 quom
779 3179 862 3244 Deus
878 3199 994 3264 cogito-

80 3269 134 3334 soit
148 3267 317 3334 similitudo
340 3267 495 3354 quaedam
518 3269 620 3332 existit
643 3267 673 3332 in
697 3269 771 3356 ipsa.
804 3268 889 3334 Unde
912 3283 942 3334 et
965 3271 996 3354 iq

114 3407 154 3477 (l)
173 3408 199 3462 S.
218 3407 295 3476 Aug„
311 3405 343 3460 tle
366 3405 471 3475 Trinit,
489 3406 505 3460 l.
526 3403 654 3476 12,st

114 3477 152 3548 (2)
171 3479 255 3549 Epist.
275 3476 337 3544 tlt,
355 3493 378 3530 c.
395 3475 494 3534 lent

113 3549 152 3618 (5)
171 3551 197 3606 S.
216 3551 293 3622 Aug„
313 3549 435 3620 soliloq„
454 3550 472 3606 l.
489 3548 517 3619 2,
534 3566 557 3604 o.
577 3547 610 3605 l8
628 3555 653 3603 et
675 3547 717 3604 ta.
