2514 3972
220 233 286 300 590
442 255 497 299 tra.
522 255 562 299 ιιι.
587 253 971 302 denominandam.

218 334 265 389 eat
282 321 399 408 posito,
421 325 476 388 aad
497 325 629 409 injustia,
655 326 669 389 l
698 325 790 395 Tim..
817 325 847 401 l,
884 323 916 402 93
953 320 1038 410 quod
1073 335 1139 388 non·

217 423 265 478 est
286 412 329 478 aio
351 411 584 498 intelligendum
608 415 693 500 quasi
715 413 788 500 justi
810 432 874 478 uon
911 423 1076 478 teneantur
1097 409 1137 476 ad

216 499 320 586 legem
342 500 543 589 implendam,
566 514 600 567 ut
630 503 756 590 quidam
791 501 872 566 male
909 501 1139 577 intellexerunt,

216 589 272 655 sod
295 589 367 676 quia
390 589 439 655 isti
461 590 649 656 inclinantur
671 612 708 657 er
731 591 838 679 seipsis
861 590 900 656 ad
920 589 1071 677 justitiam
1093 586 1137 654 la·

216 678 370 760 ciendam,
393 679 485 746 ctiam
508 681 575 746 sine
601 677 680 766 lege.

485 887 674 956 'CAPUT
717 886 851 955 CXXIX.

283 1081 373 1163 Quod
393 1082 427 1147 iu
448 1082 568 1150 octiduo
599 1083 742 1150 humanis
764 1095 837 1148 aunt
858 1083 966 1168 aliqua
988 1092 1074 1147 recto

214 1173 381 1238 secuudum
402 1183 559 1253 uotorum,
582 1185 612 1238 et
631 1195 694 1240 nou
717 1174 817 1239 solum
838 1171 929 1258 quasi
941 1173 1005 1257 iope
1023 1171 1138 1256 posito.

278 1381 321 1448 llx
344 1383 521 1468 praemissis
555 1396 658 1448 autem
696 1396 823 1470 apparet
860 1381 943 1468 quod
981 1401 1018 1447 ea
1055 1401 1137 1468 quae

213 1470 315 1536 divina
339 1470 408 1556 lege
431 1473 661 1558 praecipiuntur
683 1471 899 1538 rectitudinem
924 1470 1050 1548 habent,
1073 1489 1138 1536 noa

213 1559 315 1626 solum
338 1561 411 1648 quia
433 1574 506 1628 sunt
527 1561 596 1647 lege
618 1563 728 1648 posita,
750 1561 805 1626 sed
840 1562 932 1626 etiam
963 1558 1138 1626 secundum

213 1663 368 1716 naturam.

211 1787 214 1793 Δ
279 1737 322 1803 Ex
345 1739 516 1826 praeceptis
540 1737 624 1804 enim
647 1737 723 1820 legis
745 1737 867 1804 divinae
895 1757 984 1802 mens
1000 1735 1138 1802 hominis

208 1825 376 1894 ordinatur
397 1829 456 1894 sub
479 1829 556 1906 Deo,
578 1839 608 1891 et
645 1829 750 1892 anania
785 1826 843 1892 alia
880 1845 961 1912 quae
993 1837 1067 1890 sunt
1103 1825 1136 1888 in

212 1915 343 1984 homine
364 1915 423 1981 sub
446 1917 576 1981 ratione.
598 1915 663 1980 Hoc
686 1928 790 1980 autern
814 1913 961 1980 naturalis
984 1913 1062 1978 ordo
1085 1932 1134 1978 re·

213 2004 308 2090 quirit
330 2004 414 2089 quod
437 2003 582 2070 inferiora
605 2005 817 2090 superioribus
850 2002 1036 2069 subduntur.
1059 2001 1140 2066 Sunt
1247 2051 1248 2056 η

210 2091 308 2178 igitur
330 2112 367 2158 ca
389 2112 469 2180 quac
492 2093 560 2179 lege
584 2093 686 2158 divina
711 2093 941 2181 praecipiuntur
962 2089 1137 2156 secundum

211 2201 248 2249 se
270 2181 451 2249 naturaliter
473 2195 565 2249 reeta.
1247 2179 1248 2200 ³

277 2271 451 2347 Praeterea,
474 2271 621 2338 Homines
643 2290 681 2336 ex
704 2269 807 2336 divina
842 2267 1033 2356 providentia
1067 2287 1137 2332 sor·

211 2363 330 2428 tiuntur
352 2360 492 2427 naturale
512 2361 736 2446 judicatorium
748 2360 884 2432 rationis,
902 2356 1135 2444 utprineipium

210 2449 409 2538 propriarum
432 2451 659 2536 operationum.
683 2448 837 2514 Naturalia
864 2460 968 2512 autern
985 2445 1135 2532 principia
1182 2523 1190 2537 Ι

211 2539 252 2604 ad
275 2557 312 2603 ea
334 2537 517 2604 ordinantur
539 2558 618 2625 quae
641 2550 712 2603 sunt
734 2536 923 2602 naturaliter.
947 2535 1024 2600 Sunt
1040 2534 1135 2618 igitur

210 2627 334 2714 aliquae
356 2629 550 2714 operationes
573 2625 752 2692 naturaliter
779 2626 896 2690 homini
913 2622 1135 2690 convenientes

210 2729 294 2804 quae
316 2729 388 2782 suut
406 2717 581 2784 secundum
603 2735 637 2780 se
659 2728 773 2794 reatae,
794 2727 827 2780 et
850 2713 1028 2780 nouaclum
1044 2711 1134 2801 quasi

212 2803 283 2893 lege
305 2807 432 2892 positae.
849 2840 851 2854 ι

278 2894 451 2975 Praeterea,
474 2894 750 2978 Quorumcumque
771 2905 818 2958 cst
854 2903 963 2958 natura
985 2887 1135 2954 determi·
1247 2907 1248 2926 ι

211 2997 296 3064 nata,
320 2999 441 3071 oportet
463 3003 531 3050 esse
567 2981 761 3070 operationes
778 2979 1027 3052 ,determinatas
1053 2997 1135 3064 quae

98 3085 99 3094 ’
210 3074 254 3140 illi
278 3085 406 3139 naturae
427 3072 621 3148 conveniant3
637 3071 759 3157 propria
774 3071 858 3135 enirn
872 3067 1011 3154 operatio
1026 3065 1133 3132 unius·

209 3162 359 3250 cujusque
382 3175 523 3228 naturam
552 3162 646 3248 ipsius
680 3160 830 3244 sequitur.
863 3158 988 3224 Constat
1025 3167 1132 3220 autem

208 3253 373 3318 homiuum
396 3264 538 3318 naturam
560 3270 627 3316 esse
650 3249 895 3314 determinatam.
920 3242 1052 3331 Oportet
1072 3243 1132 3327 igi·

207 3355 257 3408 tur
279 3341 473 3426 operationes
503 3359 571 3406 esse
594 3339 711 3426 aliquas
735 3337 906 3404 secundum
938 3352 973 3400 se
1010 3331 1130 3400 homini

209 3429 436 3497 convenientes.

277 3518 396 3602 Adhuc,
418 3516 608 3602 Cuicumque
630 3528 676 3582 ast
699 3513 813 3602 aliquid
837 3511 977 3586 naturale
1006 3521 1130 3598 oportet
1247 3521 1248 3536 ¹
