2462 3968
227 225 293 293 918
540 249 596 293 ιιι.
621 249 662 292 ιιι.
687 247 752 292 cna.
774 245 858 291 cxxv.

223 331 310 382 turae
332 317 404 400 agit,
427 315 482 380 sed
505 337 561 403 per
583 317 774 382 voluntatem
808 329 839 379 et
877 313 1084 380 intellectum.
1112 316 1159 380 Ea

223 418 328 470 autem
351 423 430 491 quae
453 419 586 490 aguntur
609 426 663 493 per
686 406 876 470 voluntatem
900 416 931 468 et
954 403 1156 470 intellectum

223 513 316 560 curae
338 493 525 578 providentis
548 495 734 570 subduntur,
767 513 847 579 quae
881 492 912 555 in
948 491 1006 557 boc
1042 496 1156 558 consi·

222 595 304 648 stere
327 583 448 648 videtur
463 583 546 670 quod
570 603 625 668 per
658 584 848 648 intellectum
883 579 986 666 aliqua
1019 582 1155 669 dispen-

222 685 337 737 sentur.
361 673 490 736 Divinae
513 691 588 754 ergo
611 671 804 758 providentia
824 668 1000 735 subduntur
1012 690 1047 736 ea
1067 693 1155 757 quae

222 761 263 826 ab
285 761 354 847 lpso
378 774 523 845 aguntur.
547 759 711 825 (intensum
741 774 787 826 est
824 772 928 823 autem
964 779 1057 845 supra
1098 763 1155 846 (c.
1223 761 1224 772 ’

223 851 292 934 70)
330 850 414 937 quod
450 850 534 914 Deus
565 863 710 935 operatur
733 849 763 913 in
798 847 943 914 omnibus
965 849 1066 914 causis
1104 870 1156 914 se·

222 937 342 1018 cundis,
377 952 408 1003 ct
432 959 540 1003 omnes
577 959 682 1004 rerum
717 937 847 1003 allectus
884 936 1079 1002 reducuntur
1121 941 1154 1004 iu

221 1026 324 1092 Deum
347 1026 426 1095 sicut
449 1029 479 1092 iu
503 1047 638 1104 oausam3
662 1041 692 1092 et
714 1029 757 1092 sic
773 1037 896 1112 oportet
917 1025 1048 1110 quodea
1062 1047 1153 1112 quae

222 1118 253 1180 in
277 1116 341 1182 istis
363 1116 569 1202 singularibus
593 1131 727 1200 aguntur
752 1117 813 1180 sint
835 1115 914 1178 sicut
929 1115 1023 1200 ipsius
1036 1136 1150 1200 opera.
1223 1185 1224 1190 ,

222 1204 318 1288 Igitur
340 1206 416 1270 baec
429 1205 606 1288 singularia,
622 1219 652 1269 et
676 1218 778 1270 motus
793 1217 823 1269 et
839 1204 1036 1290 operationes
1059 1206 1149 1292 ipso·
1222 1191 1224 1226 v

221 1304 302 1370 rum;
326 1295 446 1359 divinae
470 1295 680 1380 providentiae
703 1293 873 1379 subjacent.

289 1383 463 1461 Praeterea,
486 1382 583 1447 Stulta
622 1397 667 1447 est
700 1382 892 1469 providentia
926 1379 1055 1467 alicujus
1096 1385 1151 1469 qui

222 1491 285 1537 uon
308 1487 394 1538 curat
418 1492 453 1536 ea
477 1473 543 1536 siue
566 1471 677 1557 quibus
694 1491 730 1535 ea
768 1491 848 1558 quae
875 1483 962 1535 curat
984 1491 1046 1535 non
1071 1493 1150 1557 pos·

220 1571 293 1626 sunt
315 1582 391 1626 esse.
416 1559 542 1627 Constat
563 1575 666 1625 autem
690 1560 785 1646 quod,
809 1561 836 1624 si
859 1559 964 1624 omnia
976 1558 1150 1626 delicerent

221 1651 427 1735 particularia,
451 1649 634 1714 universalia
658 1669 766 1714 eorum
790 1667 954 1713 remanere
988 1669 1050 1714 ιιοιι
1073 1670 1149 1736 pos-

220 1752 301 1803 sunt.
326 1739 357 1804 si
375 1741 467 1823 igitur
489 1738 574 1803 Deus
598 1737 780 1802 universalia
804 1751 922 1803 tanturn
953 1751 1049 1816 curat,
1083 1741 1148 1803 sin-

223 1827 344 1910 gularia
367 1847 441 1891 vero
465 1829 520 1891 ista
545 1829 672 1892 omnino
696 1827 892 1914 derelinquit,
916 1826 1007 1890 stulta
1034 1841 1064 1891 et
1087 1827 1151 1894 im·

223 1915 361 2000 perlecta
401 1916 459 1980 erit
482 1915 549 2001 ejus
585 1915 889 2001 providentia—Si
924 1928 1027 1980 autem
1066 1915 1150 1982 dicat

220 2003 332 2090 aliquis
356 2005 440 2090 quod
464 2004 575 2069 borum
600 2005 803 2089 singularium
825 2005 912 2069 Deus
933 2024 1040 2069 curam
1053 2005 1148 2071 babet

220 2093 382 2180 usquead
408 2095 467 2159 boc
491 2093 575 2180 quod
598 2107 820 2158 conserventur
842 2095 873 2158 in
897 2112 977 2169 esse,
1002 2113 1066 2158 ιιοιι
1089 2115 1144 2160 au·

219 2193 284 2246 tem
307 2195 457 2270 quantum
482 2182 520 2246 ad
543 2183 615 2256 alia,
636 2184 698 2258 boo
721 2183 848 2247 omniuo
875 2202 1018 2247 essenon
1035 2197 1142 2268 potest.

219 2270 297 2336 Nam
321 2273 425 2336 omnia
450 2271 508 2336 alia
532 2291 612 2356 quae
638 2273 719 2336 circa
742 2271 909 2355 singularia
937 2270 1082 2336 accidunt
1104 2273 1142 2338 ad

220 2379 330 2425 eorum
354 2361 620 2425 conservationem
645 2361 691 2424 vel
704 2362 934 2446 corruptionem
949 2359 1143 2426 ordinantur.

219 2446 251 2512 Si
275 2469 351 2534 ergo
374 2447 459 2514 Deus
484 2449 576 2513 habet
612 2469 718 2513 curam
752 2449 956 2534 singularium
990 2464 1141 2535 quantum
1221 2447 1222 2472 ³

218 2536 257 2602 ad
273 2557 383 2602 eorum
406 2538 684 2614 conservationem,
708 2537 802 2603 babet
834 2539 927 2602 etiam
961 2557 1070 2603 curam
1109 2561 1141 2605 o·-

219 2627 340 2692 mnium
375 2627 455 2692 circa
489 2645 526 2690 ea
564 2627 818 2710 contingentium.
839 2625 1003 2691 -Potest
1037 2641 1141 2692 autem

219 2715 330 2803 aliquis
354 2716 456 2781 dicere
478 2714 560 2801 quod
577 2715 642 2778 sola
672 2736 745 2780 cura
781 2714 1002 2780 universalium
1026 2716 1143 2782 subicit

218 2805 257 2870 ad
282 2805 514 2882 particularium
537 2805 803 2870 conservationem
842 2805 872 2868 in
907 2823 985 2882 esse;
1019 2808 1141 2890 provisa

218 2907 291 2960 sunt
313 2895 396 2959 enim
420 2892 545 2958 cuilibet
566 2893 678 2978 speciei
702 2913 738 2958 ea
772 2913 827 2979 per
864 2913 944 2978 quae
982 2893 1144 2978 quodlibet

218 2983 413 3050 individuum
436 2982 517 3046 illius
540 2982 652 3068 speciei
676 2996 775 3069 potest
798 2982 972 3046 conservari
996 2983 1028 3047 iu
1064 3005 1143 3062 esse3

217 3071 377 3137 sicutdata
401 3084 470 3137 suut
494 3071 678 3137 animalibus
718 3091 833 3156 organa
869 3071 908 3135 ad
946 3071 1051 3136 cibum
1088 3064 1140 3140 su·

217 3161 368 3225 mendum
392 3174 423 3226 et
446 3159 662 3244 digerendum,
679 3173 709 3225 et
735 3159 898 3225 cornuaad
911 3161 1139 3245 protegendum

216 3270 260 3324 se;
286 3251 428 3314 utilitates
445 3263 548 3314 autem
573 3248 686 3313 borum
727 3270 788 3314 non
822 3248 971 3314 deliciunt
1009 3249 1068 3314 nisi
1108 3251 1139 3314 in

217 3339 329 3402 minori
352 3352 448 3423 parte,
472 3358 544 3403 cum
567 3358 603 3402 ea
627 3357 706 3423 quae
730 3349 801 3402 suut
836 3358 853 3401 a
877 3350 986 3402 natura
1024 3337 1141 3426 produ·

216 3440 286 3490 aaut
309 3424 436 3492 allectus
458 3447 531 3491 auos
554 3426 601 3490 vel
625 3445 748 3512 semper
765 3425 812 3490 vel
835 3425 1023 3513 frequentem
1055 3429 1140 3492 etsie

217 3533 280 3579 uon
305 3529 433 3600 possunt
456 3515 561 3580 omnia
583 3515 739 3580 individua
763 3513 909 3596 delicere,
931 3515 987 3582 etsi
1013 3515 1139 3603 aliquod
