2462 3968
329 239 385 282 tta.
409 237 449 282 nx.
474 237 537 282 car.
554 237 631 282 xxxx.
656 237 691 280 nr
714 237 802 280 txxn.
953 216 1020 282 009

86 304 232 390 illisqui
258 305 391 371 divinam
417 307 640 392 providentiam
667 304 824 391 usquead
849 303 925 389 baec
951 325 1021 369 cor·

21 401 25 410 '
85 395 254 480 ruptibilia
278 396 399 460 extendi
424 397 589 480 negabant,
614 409 738 482 propter
769 393 828 458 boc
866 393 949 479 quod
988 396 1020 459 in

84 485 131 548 eis
157 483 263 548 multa
288 485 367 550 mala
391 485 538 550 advenire
561 483 802 571 conspiciebant;
825 483 890 548 solu
914 494 1019 547 autern

84 573 341 658 incorruptibilia
357 573 476 638 divinae
492 573 701 660 providentiae
714 571 803 636 subdi
819 571 971 648 dicebant,
988 573 1019 637 in

84 661 209 746 quibus
228 661 330 728 nullus
344 661 551 726 delectnsnec
567 661 684 726 malum
707 659 830 746 aliquod
856 662 1020 725 invenitur.

153 747 220 814 Per
234 746 653 816 hocetiamtolliturerrandi
675 750 795 815 occasio
823 749 1018 826 Manichaeis‚

80 839 136 923 qui
162 839 234 904 duo
258 841 356 926 prima
381 842 527 926 principia
551 839 672 924 agentia
703 853 882 924 posuerunt,
899 838 1017 904 bonurn

82 940 113 990 et
137 927 276 1002 malum,
303 930 389 1014 quasi
414 929 529 992 malum
554 929 612 992 sub
636 927 827 1014 providentia
852 927 924 992 boni
958 927 1016 991 Dei

80 1013 190 1080 locum
212 1016 328 1082 babere
351 1039 411 1082 non
436 1030 548 1104 posset.

156 1105 298 1170 Solvitur
335 1108 426 1170 etiam
464 1104 670 1191 quorumdam
708 1103 872 1183 dubitatio,
911 1118 1014 1170 utrum

79 1194 205 1258 scilicet
229 1196 363 1260 actiones
387 1195 487 1259 malae
510 1196 569 1259 sint
594 1215 609 1257 e
634 1193 799 1258 DeoNatn
824 1215 893 1259 curn
911 1209 1014 1258 osten·

79 1301 152 1346 sum
166 1285 208 1347 sit
222 1285 263 1370 (c.
277 1285 296 1346 7
300 1285 335 1368 0)
352 1303 444 1348 otnne
460 1304 555 1369 agens
567 1284 719 1348 actionem
733 1304 819 1348 suarn
829 1281 1012 1369 producere,

78 1369 294 1457 inquantum
320 1373 704 1457 ogitvirtutcdivinc,et
742 1392 779 1436 ex
817 1373 875 1436 boc
909 1371 1012 1437 Deum

76 1475 149 1524 esse
174 1461 318 1525 ornniunr
332 1475 361 1526 et
374 1461 538 1526 effectuum
552 1475 581 1526 et
594 1463 687 1525 etiarn
707 1463 861 1525 actionurn
874 1481 1011 1539 causant,

80 1547 225 1634 itemque
238 1565 394 1614 ostensum
408 1551 447 1614 sit
464 1555 504 1634 (c.
514 1551 571 1632 70)
584 1550 666 1635 qnod
681 1549 797 1614 malurn
821 1563 851 1613 et
873 1547 1010 1614 delectus

80 1636 111 1698 in
137 1639 190 1702 bis
216 1659 295 1724 quae
317 1639 506 1724 providentia
532 1639 633 1702 divina
657 1652 809 1722 reguntur
832 1638 950 1702 accidat
973 1657 1011 1702 ex

78 1727 265 1792 conditione
287 1728 494 1792 secundarum
519 1747 694 1814 causarum,
718 1728 748 1790 in
772 1727 885 1812 quibus
910 1742 1009 1813 potest

78 1831 147 1879 esse
172 1815 324 1895 defectus,
347 1815 544 1880 manifestum
569 1831 615 1880 est
638 1815 720 1901 quod
738 1819 873 1880 actiones
898 1816 1008 1892 rnalac,

79 1905 256 1969 secundum
281 1906 363 1992 quod
388 1905 566 1970 deficientes
589 1919 670 1982 sunt,
694 1925 756 1968 non
780 1919 890 1968 sunta
932 1905 1008 1981 Deo,

78 1993 166 2057 seda
192 1995 294 2058 causis
319 1995 466 2080 proximis
490 1994 878 2078 deficientibus3quantum
902 2007 1005 2057 autent

80 2079 117 2143 ad
142 2083 175 2147 id
200 2082 285 2167 qnod
306 2083 347 2146 de
371 2086 489 2147 actione
506 2083 587 2146 etde
601 2086 726 2146 entitate
744 2082 870 2157 babent3
886 2096 1006 2168 oportet

76 2173 161 2250 quod
203 2172 263 2236 sint
298 2192 315 2236 a
350 2172 430 2248 De03
465 2173 542 2236 sicut
575 2171 759 2236 claudicatio
783 2185 829 2235 est
853 2191 869 2234 a
895 2173 1005 2234 virtute

76 2261 195 2324 motiva
219 2275 369 2346 quantum
393 2261 432 2325 ad
457 2261 486 2324 id
512 2260 594 2345 qnod
620 2261 711 2325 babet
733 2259 774 2322 de
797 2274 1004 2346 rnotu‚quan·

76 2357 142 2445 turn
169 2370 244 2414 vero
268 2349 306 2414 ad
331 2350 361 2414 id
385 2349 468 2436 quod
493 2350 585 2414 babet
608 2349 646 2412 de
670 2349 792 2412 delectu
816 2363 862 2413 est
885 2369 1004 2414 excur·

77 2449 170 2502 vitate
194 2439 301 2506 cruris.
593 2441 595 2444 ’

376 2557 546 2626 CAPUT
584 2556 701 2622 txxtt.

201 2738 290 2819 Quod
312 2738 420 2802 divino
439 2736 720 2822 procidentia'nott
743 2737 881 2802 euclndt't

341 2828 578 2912 corttt'npcntt'cm
595 2847 614 2888 o
629 2825 734 2890 rebus.

141 2963 227 3029 Sicut
258 2979 359 3030 autent
400 2964 501 3028 divina
541 2963 731 3048 providentia
770 2984 832 3028 non
867 2963 1000 3028 excludit

77 3051 288 3118 utrixersaliter
311 3055 427 3118 malurn
452 3074 467 3116 a
492 3053 596 3129 rebus,
619 3053 658 3115 ita
683 3053 849 3118 etiamnon
866 3053 1000 3118 excludit

76 3143 327 3228 contingentiam,
349 3163 407 3208 nec
431 3143 641 3206 necessitatem
665 3139 757 3206 rebus
781 3142 920 3226 imponit.
1008 3189 1010 3193 -

142 3231 210 3296 dam
235 3232 318 3296 enirn
341 3247 499 3298 ostensum
524 3245 569 3294 est
591 3231 633 3316 (c.
660 3230 718 3314 70)
741 3230 825 3316 quod
860 3231 999 3315 operatio

78 3320 296 3399 providentiae,
319 3341 379 3406 qua
403 3321 487 3384 Deus
510 3332 655 3406 operatur
677 3318 709 3382 in
732 3320 836 3398 rebus,
859 3338 921 3383 non
945 3339 999 3384 ex·

77 3403 169 3472 cludit
190 3429 298 3475 causas
321 3409 481 3486 secundas,
516 3410 571 3473 sed
605 3428 659 3494 per
692 3427 744 3474 cas
775 3407 930 3495 impletur,
966 3409 998 3473 in

78 3501 222 3578 quantum
245 3512 340 3582 agunt
362 3498 476 3562 virtute
495 3497 561 3568 Dei.
585 3497 628 3562 Ex
651 3499 749 3564 causis
767 3537 770 3542 -
787 3513 890 3565 autem
925 3517 997 3583 pro·

122 3584 152 3652 S.
181 3587 235 3652 tt.
264 3589 408 3654 Summae
432 3587 511 3651 Pln'l.
537 3587 569 3653 V.
594 3591 624 3652 ⁹2.
911 3586 951 3650 lt
