2462 3968
223 231 288 295 ase
483 252 495 264 ·’
524 250 580 294 ern.
603 249 644 294 m.
669 249 732 294 can
748 247 853 294 cxxxv.

222 322 315 384 etiam
352 317 464 384 dicitur
502 317 596 384 luisse
619 320 729 402 positio
752 320 875 402 antiqua
899 313 1145 382 Pharisaeorum

221 407 305 494 apud
342 407 496 473 ludaeos.
532 407 782 472 priscillianistae
816 403 992 489 hujusmodi
1025 407 1145 472 erroris

220 497 314 562 etiam
336 497 380 562 rei
406 496 538 574 luerunt,
562 509 594 561 ut
616 495 727 561 dicitur
764 496 796 559 in
834 493 913 558 libro
937 493 977 559 de
999 494 1145 560 Haeresi·

221 586 278 650 bus
303 582 362 668 (l).
386 585 468 652 Haec
491 587 583 650 etiam
606 583 663 648 luit
686 584 790 671 opinio
813 583 1011 669 antiquorum
1050 597 1144 649 natu·

218 675 342 749 salium,
380 677 433 760 qui
469 673 626 761 ponebant
656 690 782 738 sensum
806 685 837 736 et
860 671 1052 738 intellectum
1077 693 1143 738 non
1224 669 1225 678 ’

220 761 354 840 differre;
379 763 463 828 unde
488 761 689 848 Empedocles
712 760 895 848 dicitquod
920 761 1061 826 voluntas
1088 781 1142 826 au·

218 863 309 934 getur
332 852 363 916 in
388 852 576 917 hominibus:
610 852 688 915 sieut
726 851 758 914 in
782 850 848 914 aliis
877 848 1074 924 animalibus,
1103 849 1144 914 ad

217 959 374 1024 praesens,
397 940 474 1005 idest
496 939 668 1006 secundum
692 957 838 1025 praesens
876 953 1086 1017 momentum,
1104 959 1142 1003 ex

219 1041 304 1092 motu
329 1028 405 1093 caeli
430 1043 574 1094 causante
598 1041 730 1114 tempus,
753 1041 787 1092 ut
810 1027 1141 1094 Aristotelesintrodu·

217 1117 258 1180 cit
281 1116 477 1201 (dedeima,
500 1119 532 1197 ἓ,
555 1130 626 1182 tent.
649 1135 762 1181 eornm.
789 1116 877 1202 150).

284 1205 453 1272 Sciendum
476 1219 579 1271 tamen
604 1219 650 1270 est
672 1206 767 1291 quud,
789 1203 860 1269 licet
883 1219 1013 1290 corpora
1037 1205 1142 1270 caele-

216 1294 272 1358 stia
289 1310 351 1359 non
374 1295 435 1360 sint
458 1295 573 1361 directe
610 1312 702 1359 causa
726 1293 912 1358 electionum
951 1305 1144 1372 nostrarum,

216 1385 302 1467 quasi
341 1382 456 1449 directe
493 1386 523 1448 in
563 1382 734 1447 aolumates
771 1397 892 1446 nostras
916 1381 1142 1468 imprimentia,

216 1471 365 1537 indirecte
389 1485 492 1537 tamen
517 1489 553 1537 er
578 1473 625 1536 his
648 1471 749 1556 aliqua
773 1471 893 1536 occasio
921 1472 1033 1536 nostris
1058 1471 1141 1536 elee-

216 1560 348 1626 tionibus
371 1574 550 1647 praestatur,
574 1560 746 1626 secundum
769 1559 854 1646 quod
879 1559 1139 1646 habentimprcs·
1224 1585 1225 1610 i

203 1651 333 1739 ¹sionem
358 1669 452 1737 super
474 1669 619 1736 corporae
643 1661 673 1712 et
696 1648 754 1713 hoe
778 1647 952 1732 dupliciter:
980 1669 1042 1712 uno
1069 1651 1139 1735 qui-

214 1737 285 1800 dem
308 1739 414 1818 modo,
437 1739 608 1804 secundum
622 1736 706 1822 quod
722 1737 941 1824 impressiones
964 1756 1135 1823 corporum

214 1825 389 1891 caelestium
415 1829 445 1891 in
468 1828 619 1892 exteriora
657 1845 787 1913 corpora
820 1839 891 1890 sunt
926 1825 1015 1890 nobis
1037 1845 1136 1891 causa

213 1913 341 1998 aiicujus
363 1916 531 1994 electionis;
554 1917 645 1993 sient,
668 1933 740 1980 eum
765 1933 819 2000 per
843 1930 971 2000 corpora
988 1911 1136 1980 caelestia

212 2001 393 2088 disponetur
432 2023 485 2068 aer
518 2003 679 2088 adirigas
717 2003 882 2080 intensum,
912 2003 1054 2086 eligimus
1084 2023 1135 2068 ea-

212 2089 307 2156 lelieri
331 2093 370 2157 ad
394 2093 497 2178 ignem
521 2091 569 2158 vel
597 2094 698 2177 eliqua
722 2091 899 2176 hujusmodi
923 2090 1025 2156 faeere
1047 2111 1135 2177 quae

211 2195 386 2265 congruunt
423 2181 566 2268 tempori;
604 2180 665 2244 alio
703 2181 809 2258 modo,
846 2179 1016 2244 secutrdum
1044 2183 1134 2265 quod

211 2268 393 2352 imprimunt
416 2270 446 2334 in
470 2286 599 2357 corpora
639 2279 741 2333 nostra
764 2269 803 2334 ad
827 2287 960 2354 quorum
985 2271 1134 2334 immuta·

210 2357 325 2422 tionem
349 2360 512 2442 insurgunt
538 2357 626 2423 nobis
649 2358 741 2444 aliqui
765 2370 867 2422 motus
880 2359 1066 2444 passionum,
1084 2359 1134 2422 ael

209 2445 381 2511 secundum
404 2447 487 2532 quod
513 2467 569 2534 per
591 2465 701 2512 eorum
724 2447 960 2533 impressionem
976 2444 1134 2511 efficimur

209 2532 327 2599 habiles
350 2535 389 2601 ad
412 2536 529 2622 aliquas
555 2535 723 2623 passiones,
762 2537 839 2600 siout
874 2533 1017 2600 cholerici
1053 2549 1133 2601 sunt

207 2625 297 2708 proni
321 2623 360 2688 ad
383 2625 470 2702 iram,
493 2625 542 2689 vel
566 2623 737 2689 secundum
762 2623 846 2710 quod
876 2638 913 2687 ex
936 2639 1044 2688 eorum
1066 2623 1133 2689 im-

177 2721 180 2727 “
207 2715 367 2796 pressione
388 2726 532 2778 causatur
561 2714 592 2777 in
614 2712 705 2777 nobis
728 2710 829 2798 aliqua
846 2711 1004 2797 dispositio
1016 2731 1133 2797 corpo·
1221 2723 1222 2730 ’

206 2801 279 2866 ralis
301 2817 381 2886 quae
406 2815 451 2867 est
467 2801 587 2866 occasio
611 2801 740 2887 alicujus
762 2801 930 2879 electionis,
941 2801 1018 2866 sicut
1044 2819 1131 2881 cum,

206 2889 296 2954 nobis
320 2889 559 2966 infirmantibus,
596 2889 739 2974 eligimus
766 2890 906 2976 accipere
928 2890 1130 2969 medicinam3

205 2977 360 3044 interdum
383 2981 476 3044 etiam
499 2997 537 3045 ex
559 2979 740 3066 corporibus
763 2978 1044 3044 caelestibosactos
1070 2981 1127 3044 hu·

205 3069 289 3131 mani
312 3079 487 3146 causantur,
511 3067 542 3132 in
566 3081 718 3153 quantum
740 3083 779 3132 ex
802 3069 1034 3154 indispositione
1057 3087 1127 3132 eor-

203 3157 286 3240 poris
310 3157 403 3242 aliqui
426 3169 564 3221 amentes
587 3155 770 3238 efficiuntur,
785 3175 841 3222 usu
854 3157 980 3221 rationis
1004 3156 1124 3243 privati,

203 3245 234 3306 in
258 3245 370 3331 quibus
394 3245 516 3332 proprie
540 3241 649 3311 electio
672 3265 741 3310 non·
773 3265 829 3325 est,
866 3247 921 3311 sed
961 3259 1125 3310 moventur

204 3331 308 3418 aliquo
333 3333 463 3399 naturali
487 3333 646 3410 instinctu,
668 3335 745 3400 sicut
768 3335 910 3400 etbrota.
927 3332 1121 3400 ilaniiestuur

202 3433 248 3483 est
285 3436 389 3488 autem
426 3437 457 3486 et
493 3425 706 3509 experimento
745 3425 902 3510 cognitum
941 3423 1025 3510 quod
1048 3423 1123 3490 tales

248 3520 288 3589 (Ι)
303 3524 330 3578 S.
348 3527 424 3593 Aug..
442 3527 473 3580 ele
491 3524 611 3592 Haerea,
629 3543 652 3580 c.
671 3525 716 3582 ⁷⁰.
