2514 3972
685 103 691 140 i
742 137 746 151 s

221 222 285 288 tta
544 243 600 288 cru.
623 243 664 287 nr.
689 241 752 287 cnr.
777 241 804 288 c.

221 310 396 378 deservient
410 311 521 378 actioni
537 311 714 398 principalis
736 309 951 395 egentissimo
972 323 1144 378 mouentur
1240 377 1241 394 ἶ

120 434 123 438 -
220 399 259 466 ab
283 399 359 486 ipso;
383 398 465 466 unde
487 401 556 466 talis
579 401 773 468 instrumenti
807 401 935 466 materia
973 411 1004 466 ει
1036 399 1142 466 forma
1240 483 1241 488 ἵ

222 506 292 554 esse
312 489 405 554 debet
428 502 460 555 ut
483 490 521 555 sit
543 505 723 574 competens
747 489 857 554 actioni
881 509 973 574 quam
1007 488 1145 554 intendit
1240 501 1241 508 ’

220 577 388 664 principale
409 597 515 662 agenn
538 592 568 642 et
599 597 725 666 propter
756 577 817 642 boc
851 598 913 642 non
948 591 995 644 est
1030 592 1144 642 contra

219 681 372 746 naturam
386 667 580 734 instrumenti
611 681 643 731 ut
675 680 836 732 moveatur
866 687 884 730 a
922 667 1082 752 principali
1105 687 1145 731 a·

219 768 321 840 gente,
343 756 399 822 sed
421 768 466 821 est
489 757 517 821 ei
542 756 675 822 maxime
697 755 893 822 couveniens.
921 754 1026 842 Neque
1062 775 1145 840 crgo

220 859 266 909 esi
288 857 393 910 coniri}
418 857 559 910 naturam
584 865 655 910 eum
679 859 860 910 feSssfeaiiie
877 858 1039 910 moventur
1061 865 1144 930 qua·
1241 839 1242 854 ἵ

219 923 422 1018 litercumque
446 953 462 998 a
486 934 564 1010 Dem
587 934 630 998 sic
653 934 737 998 enim
766 933 923 999 institutae
960 945 1031 998 sunt
1053 946 1087 1000 ut
1109 933 1142 997 ei

220 1021 401 1088 deserviant.
1147 1026 1150 1035 “

286 1113 458 1185 Praeterea,
482 1109 514 1175 ln
539 1109 701 1196 agentibus
724 1111 816 1178 etiam
840 1109 1063 1196 corporalibus,
1079 1109 1142 1176 hoc

219 1198 340 1264 videtur
361 1197 446 1284 quod
468 1213 571 1266 motus
594 1199 646 1286 qui
669 1213 741 1265 sunt
774 1202 807 1264 in
839 1200 904 1273 istis
942 1197 1142 1266 interioribus

219 1287 400 1374 corporibus
422 1309 459 1356 ex
499 1288 702 1374 impressione
735 1289 930 1374 superiorum
970 1309 1032 1354 uon
1067 1301 1143 1354 suut

218 1377 341 1442 violenti
365 1397 466 1464 neque
488 1392 593 1442 contre
633 1391 785 1455 naturam,
823 1378 963 1463 quamvis
996 1397 1059 1443 uon
1095 1377 1143 1440 vi·

220 1464 352 1531 deantur
374 1465 593 1532 conuenientes
617 1465 714 1532 motui
738 1467 868 1532 naturali
897 1486 990 1552 quem
1027 1485 1143 1551 corpus

220 1553 346 1620 iuferius
370 1554 462 1621 habet
483 1553 654 1620 secuudum
679 1556 897 1641 proprietatem
920 1575 994 1620 suae
1010 1551 1143 1633 sormae3

219 1664 281 1709 uon
305 1645 387 1708 enim
412 1643 543 1709 dicimus
566 1642 650 1730 qnod
673 1641 774 1708 fluxus
808 1657 839 1710 et
873 1643 1008 1710 refluxus
1046 1645 1144 1708 maris

220 1733 258 1798 sit
271 1746 373 1797 motus
395 1733 558 1810 violentus,
580 1731 702 1798 comsit
724 1751 762 1798 er
780 1733 982 1820 impressione
998 1731 1142 1798 caelestis

220 1822 367 1908 corporis,
390 1821 460 1887 licet
483 1821 629 1886 naturalis
653 1833 755 1886 motus
778 1841 876 1908 aquae
899 1823 938 1887 sit
974 1820 1076 1888 solum
1100 1819 1142 1886 ad

219 1930 314 1975 unam
338 1925 468 1996 partem,
491 1909 606 1976 scilicet
628 1908 666 1974 ad
690 1911 827 1976 medium
849 1913 913 1996 (i).
936 1910 1031 1976 Multo
1048 1909 1143 1995 igitur
1244 1980 1245 1990 χ

220 1999 317 2082 magis
341 1998 529 2086 quidquido
553 1999 619 2064 Deo
643 1997 677 2064 fit
699 1999 729 2062 in
752 2000 889 2085 qualibet
910 2015 1051 2066 creatum
1076 2018 1143 2064 uon

218 2102 318 2175 potcst
340 2089 399 2154 dici
424 2088 591 2154 violentum
616 2107 718 2173 neque
740 2102 845 2155 contra
875 2103 1029 2156 naturam.

286 2177 371 2256 item,
395 2177 498 2242 Prima
523 2196 666 2242 mensura
690 2179 840 2244 essentiae
864 2192 894 2244 et
926 2193 1053 2246 naturae
1087 2195 1144 2242 cu·

218 2263 342 2350 juslibet
365 2267 409 2332 rei
432 2279 479 2331 est
501 2265 596 2343 Deus,
617 2265 696 2330 sicut
717 2267 854 2353 primum
878 2289 944 2344 eos,
977 2264 1062 2354 quod
1096 2276 1145 2330 est

115 2403 119 2413 .
219 2357 362 2422 omnihus
385 2375 476 2420 causa
499 2353 630 2420 essendi.
654 2353 731 2420 Cum
755 2370 858 2420 autem
889 2377 945 2444 per
962 2373 1144 2422 mensuram

220 2443 259 2508 de
283 2463 466 2532 unaquaque
496 2463 529 2508 re
562 2458 702 2528 sumatur
731 2443 893 2528 judicium,
928 2456 1048 2532 oportet
1081 2441 1145 2506 hoc

219 2533 358 2598 naturaie
381 2532 440 2598 dici
464 2531 628 2618 unicuique
651 2532 696 2596 rei
719 2553 774 2618 per
808 2533 892 2620 quod
929 2531 1144 2600 conformatur

218 2643 293 2687 snae
317 2641 490 2687 mensurae.
513 2619 578 2686 Hoc
603 2621 699 2704 igitur
721 2621 779 2686 erit
802 2623 941 2690 tratural'e
974 2621 1144 2704 unicuique

219 2713 263 2776 rei
287 2712 371 2798 qtrod
394 2733 411 2776 a
434 2709 501 2776 Deo
524 2709 553 2774 ei
576 2709 706 2774 inditum
731 2723 786 2790 est3
822 2732 909 2796 ergo,
943 2712 998 2776 etsi
1037 2709 1145 2774 adhuc
1244 2723 1245 2726 ’

219 2801 320 2866 eidem
345 2801 390 2866 rei
413 2821 430 2864 a
453 2799 520 2864 Deo
543 2797 659 2884 aliquid
683 2797 770 2864 aliter
793 2799 997 2888 imprimatur,
1009 2819 1073 2866 nou
1097 2808 1144 2862 est
1244 2865 1245 2870 ,

218 2903 324 2956 contra
347 2902 500 2954 naturum.

284 2979 432 3065 Amplius
455 2974 571 3042 Omnes
584 2987 741 3042 creaturae
754 2991 972 3065 comparantur
984 2975 1024 3042 ad
1039 2975 1143 3040 Deum

219 3068 297 3132 sicut
320 3067 477 3132 artificium
501 3066 539 3132 ad
577 3065 737 3140 artificem,
774 3068 852 3132 siout
890 3087 927 3132 cx
965 3063 1142 3153 praemissis
1244 3089 1245 3098 ¹

218 3157 253 3242 (l.
277 3158 308 3235 2,
332 3176 360 3234 c,
383 3156 441 3240 ⁵24)
464 3169 557 3242 poten
580 3155 663 3220 unde
694 3168 758 3220 tota
772 3171 881 3220 nature
893 3169 939 3222 est
953 3157 1032 3222 sicut
1041 3151 1140 3240 quod-

184 3261 186 3266 ·
218 3246 290 3334 dam
313 3245 507 3311 artificiorum
530 3243 652 3310 divinae
675 3245 758 3310 artis.
781 3243 848 3310 Nou
872 3259 919 3311 est
941 3256 1045 3312 autem
1068 3261 1142 3308 oon·

222 3437 225 3444 ,
272 3383 310 3454 (ι)
329 3385 371 3437 Ad
388 3400 469 3436 unam
484 3389 596 3451 purtem,
614 3383 712 3436 scilicet
729 3383 765 3434 ari
781 3379 963 3438 medium....i.
977 3396 1002 3434 e.
1014 3381 1048 3436 ad
1059 3381 1141 3436 imum

218 3455 527 3580 §dipolzapepplpiimc
546 3453 622 3522 Aqua
640 3455 718 3522 cuim,
736 3469 795 3507 cum
814 3455 902 3522 gravis
920 3453 1078 3510 naturaliter
1093 3453 1141 3518 sit,
