2514 3972
451 270 514 316 ιιι.
537 269 579 316 ιιι.
602 269 665 316 ota.
688 268 745 316 ux.
920 310 929 316 .
975 251 1033 316 ott

126 337 231 422 possit,
253 357 314 402 non
338 348 440 403 tamen
464 340 508 404 sic
530 353 575 404 est
597 341 624 404 ei
648 339 779 404 inditum
804 337 980 405 naturaliter
1003 353 1038 405 ut

129 427 170 491 ita
194 424 315 491 ordinet
338 447 425 492 suam
451 428 670 514 perfectionem
694 428 725 492 in
741 427 834 492 alium
850 426 1041 515 finemquod

128 515 168 580 ab
191 535 228 580 eo
252 514 384 582 deficere
406 537 468 581 non
484 549 488 564 ·
507 518 611 603 possit,
633 537 702 582 cunr
727 516 795 582 finis
817 518 956 604 superior
977 539 1040 582 ιιοιι

128 605 166 669 sit
187 623 261 669 suae
285 619 411 669 naturae
445 607 597 692 proprius,
618 606 673 670 sed
703 606 869 691 superioris
902 617 1040 672 naturae.

129 693 322 779 Relinquitur
346 693 438 778 igitur
461 715 517 758 suo
541 695 666 760 arbitrio
688 693 770 779 quod
796 694 950 780 propriam
974 715 1043 782 per·

128 782 292 848 sectionem
316 781 345 845 in
370 783 560 869 'superiorem
578 783 698 848 ordinet
715 781 817 848 linem.
834 783 867 848 ln
884 783 943 848 hoc
958 787 1042 850 enim

128 871 273 936 differunt
296 870 482 936 voluntatem
507 873 649 938 habentia
672 872 711 936 ab
735 872 782 938 lais
816 892 894 958 quae
933 873 1042 938 volun·

128 974 189 1025 tate
211 971 315 1025 carent
338 959 421 1044 quod
444 961 586 1026 habentia
622 961 809 1026 voluntatem
844 961 986 1026 ordinant
1009 981 1043 1027 so

129 1061 161 1114 ct
182 1069 237 1114 sua
260 1050 290 1114 lu
315 1047 420 1126 linem,
436 1049 518 1114 unde
534 1066 564 1115 et
579 1050 665 1116 liberi
679 1049 794 1115 arbitrii
807 1071 874 1115 esse
890 1051 1043 1129 dicuntur,

129 1157 210 1222 quae
232 1149 335 1202 autem
371 1138 526 1204 voluntate
555 1152 661 1204 carent
684 1159 745 1202 non
780 1139 921 1204 ordinant
954 1160 987 1204 se
1011 1141 1043 1204 in
1119 1179 1123 1188 ι

130 1227 237 1300 finem,
259 1225 312 1290 sed
336 1227 516 1292 ordinantur
539 1249 555 1293 a
579 1229 728 1314 superiori
752 1241 872 1313 agente,
895 1229 980 1314 qnasi
1003 1227 1043 1294 ab

131 1315 193 1380 alio
215 1327 280 1380 acta
304 1315 334 1378 in
358 1315 462 1392 finem,
493 1337 554 1381 non
589 1331 691 1382 autem
727 1313 770 1396 (a)
802 1317 917 1404 seipsis.
941 1317 1045 1382 Potuit

132 1405 224 1489 igitur
247 1405 277 1468 in
301 1403 456 1470 voluntate
482 1405 668 1470 substantiae
704 1419 862 1492 separatae
885 1425 951 1471 esse
975 1426 1046 1491 pec·

131 1507 233 1558 catum
259 1513 295 1558 ex
319 1493 378 1558 lroo
409 1494 490 1580 quod
515 1494 672 1580 proprium
696 1494 812 1560 bonum
836 1509 866 1560 et
888 1493 1047 1581 perlectio-

132 1601 206 1646 nem
230 1581 260 1646 in
285 1583 427 1647 ultimum
453 1583 545 1647 unam
570 1604 631 1648 non
655 1583 816 1662 ordinavit,
839 1583 894 1648 sed
918 1584 1049 1649 inhaesit

132 1671 260 1757 proprio
283 1671 366 1736 bono
390 1684 422 1735 ut
446 1670 509 1747 fini
540 1685 580 1750 et,
607 1672 677 1757 quia
700 1693 737 1736 ex
761 1671 822 1737 fine
857 1691 982 1738 neccsse
1004 1683 1051 1738 est

134 1773 168 1823 ut
191 1759 316 1844 regulae
340 1760 466 1825 actionis
501 1777 672 1838 sumantur,
706 1779 832 1827 necesse
869 1774 915 1827 est
949 1773 982 1825 ut
1014 1781 1053 1826 ex

134 1847 235 1934 seipsa
259 1848 315 1928 (in
339 1869 399 1934 qua
437 1847 530 1913 finem
565 1850 749 1934 coustituit)
781 1850 839 1916 alia
873 1849 1053 1934 regulariter

135 1936 315 2022 disponeret
339 1951 368 2003 et
392 1949 424 2001 ut
447 1937 513 2022 ejus
530 1939 669 2003 uoluntas
682 1938 720 2004 ab
743 1940 802 2004 alio
825 1939 975 2026 superiori
992 1959 1054 2004 non

133 2025 337 2109 regularetur3
362 2027 421 2091 hoc
445 2041 546 2091 autem
583 2028 640 2092 soli
664 2027 731 2092 Deo
764 2028 903 2094 debetur.
938 2028 973 2092 Et
1006 2047 1054 2092 se·

136 2113 273 2180 cundum
297 2115 357 2180 hoo
384 2115 617 2200 intelligendum
649 2129 694 2180 est
732 2117 815 2202 quod
850 2117 964 2203 appetit
996 2116 1054 2182 Dei

138 2202 367 2287 aequalitatem
391 2224 452 2268 non
483 2205 608 2289 quidem
638 2217 671 2269 ut
700 2205 817 2270 bonurn
854 2225 945 2270 suum
975 2217 1055 2270 esset

138 2291 243 2357 divino
266 2292 349 2358 bono
373 2291 511 2378 aequale
535 2294 593 2358 lroc
616 2296 698 2357 enim
733 2295 764 2358 in
798 2293 953 2358 intellectu
987 2292 1055 2378 ejus

137 2379 250 2446 cadere
274 2401 335 2446 non
371 2395 498 2468 poterat,
522 2395 562 2460 et,
596 2382 656 2446 lroe
680 2382 862 2468 appetendo,
896 2394 1054 2470 appeteret

139 2488 173 2534 se
196 2491 257 2536 non
282 2489 348 2534 esse
372 2470 432 2554 (l),
456 2489 525 2534 oum
561 2471 713 2536 distinctio
736 2473 908 2557 specierum
942 2491 1053 2537 secun·

142 2556 216 2623 dum
240 2557 376 2624 diuersos
399 2558 511 2643 gradus
533 2579 637 2625 rerum
668 2560 833 2646 proveniat,
866 2573 900 2624 ut
932 2580 969 2626 ex
1002 2581 1053 2625 su·

141 2645 284 2732 predictis
308 2647 355 2727 (l.
379 2649 410 2726 9,
433 2669 459 2712 c.
483 2646 524 2712 39
547 2663 577 2714 et
600 2648 668 2732 tu)
691 2661 826 2734 apparet.
850 2647 935 2716 Velle
950 2661 1053 2714 autern

142 2736 217 2801 alios
241 2735 381 2821 regulare
404 2749 434 2800 et
457 2737 643 2802 voluntatem
666 2757 753 2802 suam
779 2757 795 2800 a
819 2737 968 2823 superiori
993 2757 1056 2804 uon
1087 2807 1090 2815 ,

142 2825 276 2909 regulari
299 2837 344 2890 est
367 2825 444 2890 velle
479 2845 621 2911 praeesse
654 2838 685 2890 ct
707 2857 710 2865 ι
729 2823 960 2911 quodammodo
993 2845 1058 2890 non

139 2913 264 2998 subjici,
287 2912 370 2998 quod
393 2926 439 2978 est
462 2929 618 2997 peccatum
644 2915 817 3002 superbiam
844 2913 927 2978 uude
950 2934 1060 2979 conve„

143 3002 265 3068 nienter
287 3002 398 3067 dicitur
424 3002 506 3088 quod
541 3005 676 3090 primurn
712 3016 871 3090 peccatum
901 3002 1063 3068 daemonis

145 3090 202 3156 luit
224 3090 377 3178 superbia.
402 3090 475 3166 Sed,
498 3093 568 3177 quia
591 3114 629 3157 ex
656 3112 718 3156 uno
749 3111 853 3156 errore
876 3091 955 3156 circa
979 3092 1063 3178 prin·

144 3179 259 3266 cipium
284 3181 385 3245 varius
408 3193 437 3244 et
462 3181 619 3268 multiplex
653 3201 739 3245 error
762 3181 970 3264 consequitur,
994 3181 1064 3244 ideo

146 3289 184 3334 ex
206 3268 305 3357 prima
329 3268 521 3334 ordinatione
557 3271 721 3335 voluntatis
745 3289 823 3355 quac
847 3267 902 3334 luit
925 3270 956 3334 io
991 3268 1064 3334 dae-

201 3405 240 3476 (l)
258 3407 312 3461 Hoc
329 3409 397 3460 enim
414 3409 442 3459 in
459 3381 619 3462 intellectu...
638 3414 672 3474 el,
691 3409 737 3460 ltoo
750 3409 930 3476 oppetendo,...
944 3409 961 3460 i.
973 3424 995 3460 e.
1010 3414 1065 3462 tutu

148 3479 213 3548 qnia
232 3479 280 3532 laoc
298 3481 324 3532 in
342 3479 475 3532 intellectu
501 3483 557 3548 ejus
575 3480 666 3532 cadere
689 3495 742 3532 non
771 3487 882 3549 poterat,
913 3490 969 3533 turn
995 3482 1065 3550 quia,

147 3547 197 3604 hoc
215 3551 370 3622 appetendo,
388 3558 522 3622 oppeteret
540 3568 568 3606 sc
581 3567 634 3604 non
651 3565 714 3605 essa.
