2516 3968
135 262 137 266 ¹
233 237 298 304 att
483 229 486 236 ’
534 257 590 304 nn.
613 259 654 304 m.
678 257 742 306 ere.
766 257 872 311 cxxxv.
1242 311 1243 316 ἵ

230 326 447 394 stentatiooem
471 325 550 392 vitae
574 327 614 397 ab
652 327 717 394 aliis
752 328 917 414 accipiunt;
950 346 1028 398 cum¹
1058 328 1157 400 homo

231 416 405 484 libertatem
428 410 522 485 animi
547 437 609 482 non
634 417 741 504 perdat
766 418 824 487 nisi
847 428 974 503 propter
1001 437 1038 484 ea
1077 439 1158 506 quae

230 506 262 570 in
286 505 397 572 alleetu
420 527 477 572 suo
500 504 711 582 dominantum
740 505 824 572 unde
862 519 989 592 propter
1011 526 1047 572 ea
1075 527 1157 594 quae

229 595 325 750 hortr‘tio
353 594 533 673 contemnit,
568 594 594 662 si
629 595 687 660 sibi
721 594 846 674 dentur,
880 594 1056 662 libertatem
1091 617 1156 664 uon

252 703 268 748 e
309 697 340 750 ll.
762 738 764 742 .
889 735 891 742 ι

230 705 249 771 Ρ
295 772 379 838 licet
400 785 503 839 autem
527 773 706 838 sustentatio
742 789 852 838 eorum
886 771 939 858 qui
974 773 1082 840 vivunt
1117 769 1158 838 de

229 860 277 926 bis
300 881 380 947 quae
403 861 442 926 ab
466 860 532 926 aliis
555 860 668 926 dantur
690 882 727 926 ev
751 861 907 928 voluntate
939 860 1081 928 dentium
1103 861 1158 928 de-

229 949 374 1035 pendeat,
397 970 460 1016 non
485 964 587 1017 tamen
627 964 751 1038 propter
787 951 847 1024 boc
886 948 1074 1019 insufficiens
1110 965 1157 1018 est

113 1051 116 1059 ·
229 1040 269 1104 ad
293 1038 525 1104 sustentandam
549 1041 642 1104 vitam
657 1059 830 1124 pauperum
845 1037 966 1112 Christi,
983 1037 1052 1106 Non
1068 1039 1156 1112 enirn

228 1127 444 1214 dependetur
468 1128 624 1194 voluntate
647 1129 749 1205 unius,
774 1128 828 1193 sad
852 1147 888 1192 ex
903 1127 1059 1195 voluntate
1071 1128 1156 1194 mul·

228 1229 341 1282 torum:
365 1235 427 1284 non
451 1231 622 1282 testantem
648 1216 807 1302 probabile
830 1215 925 1302 quod,
948 1217 980 1282 in
1013 1216 1157 1284 multitu·

228 1305 300 1370 dine
324 1303 422 1370 fidelis
446 1305 563 1392 populi,
601 1326 662 1380 non
698 1307 759 1372 sint
798 1305 886 1378 multi
920 1307 972 1392 qui
1006 1320 1155 1394 prompto

227 1393 332 1460 auimo
367 1393 552 1460 subveniant
585 1393 819 1458 necessitatibus
857 1414 966 1461 eorum
1004 1413 1085 1480 quos
1121 1396 1154 1460 in

227 1483 398 1550 reverentia
424 1483 537 1550 babent
563 1499 687 1569 propter
710 1481 930 1569 perfectionem
954 1483 1084 1550 virtutis.

306 1571 374 1638 Nou
409 1586 454 1638 est
494 1587 597 1638 autem
634 1571 855 1638 inconveniens
887 1573 913 1636 si
959 1572 1053 1637 etiam
1092 1592 1151 1640 ne·-

226 1661 382 1728 eessitates
429 1679 500 1726 suas
548 1675 704 1746 exponant
739 1675 780 1736 et,
807 1661 975 1726 necessaria
1010 1675 1150 1751 petant,

227 1749 276 1816 vel
299 1770 356 1838 pro
379 1749 445 1816 aliis
468 1749 516 1816 vel
540 1770 596 1835 pro
620 1770 664 1826 se;
688 1751 748 1814 lroc
770 1749 854 1814 euim
890 1763 919 1814 et
942 1750 1080 1836 Apostoli
1105 1749 1150 1816 le·

227 1841 303 1908 cisse
327 1838 483 1922 leguntur,
506 1858 568 1902 non
591 1839 692 1904 solum
716 1838 757 1902 ab
787 1837 847 1904 illis
880 1839 992 1925 quibus
1027 1839 1150 1924 praedi-

227 1928 338 1994 cabant
354 1929 533 1994 ¹necessaria
557 1927 744 2013 aecipientes
766 1926 867 2013 (quod
882 1929 979 2012 magis
991 1931 1150 2015 potestatis

227 2031 293 2082 erat
316 2035 410 2103 quom
435 2015 650 2092 mendicitatis,
675 2029 800 2103 propter
837 2016 1064 2088 ordinationem
1088 2017 1151 2084 Do·

226 2102 331 2188 mini),
354 2119 387 2170 ut
409 2105 460 2190 qui
498 2103 663 2189 Evangelio
698 2103 877 2172 deserviunt
907 2106 945 2170 de
983 2105 1150 2192 Evangelio

225 2195 339 2271 vivant,
361 2192 531 2260 sedetiam
556 2215 611 2280 pro
636 2191 824 2280 pauperibus
847 2193 898 2279 qui
935 2209 1023 2260 erant
1045 2196 1079 2262 in
1100 2197 1150 2262 le·
1241 2205 1242 2208 ’

225 2283 372 2362 rusalem,
387 2281 450 2370 qui,
475 2303 530 2348 sua
546 2283 744 2361 dimittentes,
757 2283 786 2346 in
799 2296 979 2368 paupertate
994 2283 1150 2363 vivebant,
1240 2363 1241 2366 Ἴ

226 2393 283 2440 nec
307 2386 410 2438 tamen
433 2371 577 2456 gentibus
601 2370 830 2458 praedicabant,
853 2371 908 2446 sed
941 2391 1051 2440 eorum
1085 2374 1149 2463 spi·

225 2461 344 2530 ritualis
368 2461 558 2526 conversatio
596 2473 714 2547 poterat
749 2459 808 2526 illis
847 2460 950 2526 valere
983 2481 1001 2527 a
1035 2463 1150 2552 quibus

224 2549 485 2627 sustentabantun
509 2547 592 2614 unde
615 2563 645 2613 et
668 2548 831 2635 Apostolus
864 2549 987 2630 talibus,
1021 2571 1091 2618 non·
1111 2572 1150 2618 ex

224 2639 415 2717 necessitate,
449 2637 506 2706 sed
541 2658 578 2704 cx
607 2637 772 2702 voluntate
795 2637 947 2716 dantium,
981 2640 1150 2726 persuadet
1239 2645 1240 2674 ³

224 2729 429 2818 eleemosynis
452 2727 710 2804 subveniendum
745 2725 829 2812 quod
867 2727 943 2794 nibil
977 2742 1024 2794 est
1062 2729 1147 2797 aliud

223 2838 318 2905 quam
342 2815 527 2884 mendicare.
552 2815 633 2882 llaec
654 2831 757 2884 autem
782 2815 962 2884 mendicitas
991 2838 1055 2886 nou
1078 2818 1149 2888 red·

224 2909 268 2973 dit
292 2906 434 2975 homines
457 2905 715 2990 contemptibiles,
738 2906 762 2972 si
788 2904 947 2972 moderate
963 2905 1070 2974 fiatad
1092 2928 1148 2976 ne·

223 2995 410 3074 cessitatem,
430 3015 492 3060 nou
516 2993 555 3060 ad
577 2992 833 3079 superfluitatem,
862 3006 893 3062 ct
925 2995 992 3062 siue
1027 2996 1147 3085 impor-

223 3086 363 3165 tunitate,
386 3081 578 3152 considerata
601 3083 777 3149 conditione
800 3102 1004 3170 personarum
1039 3087 1149 3172 aqui-

224 3173 282 3242 bus
306 3176 418 3262 petitur
441 3185 471 3238 et
494 3171 553 3237 loci
577 3184 607 3236 et
629 3171 789 3258 temporie
813 3171 898 3259 quod
936 3193 1064 3243 necesse
1101 3187 1148 3242 est

224 3261 381 3332 observari
404 3262 444 3330 ab
468 3260 515 3326 bis
539 3261 591 3348 qui
616 3258 837 3347 perlectionem
868 3261 947 3331 vitae
981 3276 1147 3332 sectantur.

304 3351 346 3420 Ex
368 3372 431 3439 quo
453 3351 546 3418 etiam
570 3363 652 3436 patet
674 3349 758 3434 quod
783 3349 850 3416 talis
873 3349 1059 3420 mendicitas
1084 3373 1148 3420 nou

225 3440 320 3508 habet
342 3441 476 3527 aliquam
498 3440 632 3526 speeiem
656 3437 864 3525 turpitudinis,
903 3459 996 3526 quam
1020 3440 1149 3510 baberet
1236 3441 1237 3448 ³

225 3530 251 3593 si
274 3548 356 3593 eum.
370 3529 598 3615 importunitate
621 3539 652 3589 et
675 3526 840 3595 indiscrete
863 3527 951 3598 tieret
973 3529 1012 3596 ad
1035 3551 1148 3620 super·

227 3614 376 3681 fluitatem
399 3616 447 3682 vel
471 3615 668 3701 voluptatem.
1081 3637 1085 3643 ·
