2462 3968
196 200 262 268 286
506 219 561 266 arn.
585 221 624 264 ru.
649 219 713 265 can.
741 219 817 265 xutv.

201 311 238 354 ex
256 287 447 375 providentia
460 287 563 354 divina
575 288 761 377 proveniunt
773 309 810 354 ex
825 286 1005 356 necessitate
1016 301 1130 356 cuncta

200 393 393 464 proveniant.

266 466 371 532 Primo
396 485 531 552 namque
555 465 815 532 considerandum
855 478 900 529 εει
934 467 1029 552 quod,
1052 487 1128 534 cum

198 553 282 620 Deus
305 557 342 620 sit
366 557 504 621 omnium
530 556 727 621 existentium
751 575 853 630 causa,
869 555 961 620 rebus
979 557 1130 623 omnibus

198 643 360 709 conferens
383 665 462 722 esse,
485 657 605 731 oportet
628 645 712 729 quod
728 664 802 708 suae
819 643 1030 729 providentiae
1046 647 1130 712 ordo

198 753 308 798 omnes
331 753 381 798 res
404 733 635 820 complectatur:
659 734 771 818 quibus
794 733 877 796 euim
906 753 972 798 esse
995 734 1130 818 largitus

198 835 243 886 est
267 835 387 908 oportet
420 823 503 908 quod
544 835 575 886 et
607 822 874 886 conservationem
912 821 1059 906 largiatur
1097 838 1130 889 et

198 908 420 996 perfectionem
444 911 474 976 in
499 911 607 976 uftirno
630 910 692 976 fine
715 910 861 975 conferat.
897 909 973 976 Cum
1008 925 1131 992 autern,

198 999 229 1062 in
254 999 393 1085 quolibet
420 1000 611 1085 providente,
650 1000 712 1065 duo
747 999 937 1064 considerari
973 1015 1130 1086 oporteat,

197 1087 312 1154 scilicet
351 1089 466 1154 ordinis
501 1088 807 1175 praemeditationem
845 1101 875 1152 et
911 1089 1129 1174 praemeditati

198 1177 314 1242 ordinis
337 1177 561 1242 institutionem
591 1178 622 1241 iu
662 1179 754 1242 rebus
792 1197 872 1262 quae
911 1177 1129 1262 providentiae

197 1266 371 1332 subduntur
395 1269 542 1352 (quorum
566 1267 701 1352 primum
726 1265 765 1332 ad
799 1265 1038 1349 cognoscitivam
1062 1268 1128 1334 vir·

198 1367 295 1420 tutem
320 1357 462 1442 pertinet,
485 1355 567 1420 aliud
593 1375 665 1420 vero
689 1355 728 1421 ad
745 1355 949 1441 operativum)
966 1357 1025 1422 hoc
1042 1357 1126 1422 inter

198 1457 363 1530 utramque
387 1443 487 1510 differt
509 1444 603 1530 qu'od,
626 1479 669 1493 -
693 1445 723 1508 iu
748 1444 1001 1529 praemeditando
1040 1445 1123 1512 ordi·

196 1552 282 1611 nent,
306 1548 390 1600 tauto
413 1548 459 1598 est
483 1533 672 1620 providentia
697 1531 860 1619 perfectior
883 1549 997 1618 quanto
1021 1537 1122 1619 magis

198 1623 358 1708 usquead
384 1623 512 1688 minima
539 1623 616 1687 ordo
640 1621 849 1710 providentiae
866 1636 964 1707 potest
981 1624 1123 1709 produei;

198 1713 281 1797 quod
316 1715 400 1778 enim
435 1733 492 1778 nos
530 1711 672 1778 omnium
711 1711 1122 1795 particulariumordinem

121 1835 128 1844 -
200 1801 417 1886 praemeditari
442 1821 504 1866 non
528 1821 691 1887 possumus
715 1801 794 1864 circa
819 1821 854 1864 ea
878 1819 958 1884 quae
981 1815 1052 1866 sunt
1074 1803 1122 1866 di·

199 1890 399 1975 sponendaa
432 1889 532 1968 nobis,
555 1910 592 1954 ex
626 1888 747 1954 defectu
783 1905 905 1954 nostrae
940 1891 1124 1973 cognitionis

198 1980 349 2063 provenit,
372 1999 451 2066 quae
474 1994 584 2044 cuncta
606 1978 773 2063 singularia
796 1978 957 2062 complecti
982 1999 1047 2045 non
1070 2001 1124 2066 po·
1229 2057 1230 2064 ,

200 2080 267 2147 test;
291 2081 375 2134 tauto
399 2081 501 2134 autem
526 2068 736 2153 uuusquisque
759 2067 790 2131 in
814 2067 1005 2154 providendo
1027 2069 1125 2134 sofer-

197 2158 258 2222 tior
283 2157 413 2224 hahetur
436 2170 552 2244 quanto
576 2157 663 2242 pfura
698 2156 866 2242 singufaria
903 2157 1123 2242 praemeditari

197 2259 308 2332 potest3
332 2246 419 2332 cujus
442 2261 545 2312 autem
569 2245 701 2332 provisio
726 2247 757 2310 in
788 2245 860 2310 sofis
897 2246 1123 2312 universalibus

198 2337 378 2402 consisteret
401 2356 510 2422 parum
534 2333 573 2399 da
597 2333 759 2420 prudentia
784 2335 987 2421 participaret3
1019 2335 1122 2402 simile

199 2439 300 2489 autem
333 2426 364 2490 iu
399 2425 542 2490 omuibus
577 2423 740 2514 operativis
776 2423 891 2488 artibus
932 2423 1122 2490 considerari

198 2528 309 2599 potest;
331 2550 375 2562 -
397 2513 452 2578 sed
486 2515 517 2578 in
557 2513 616 2576 hoc
650 2512 733 2598 quod
769 2512 846 2576 ordo
881 2512 1122 2597 praemeditatus

197 2602 292 2668 rebus
316 2604 495 2690 imponitur,
531 2613 614 2666 tanto
651 2614 697 2666 est
732 2600 855 2686 dignior
887 2613 916 2664 et
958 2599 1123 2685 perfectior

197 2693 388 2778 providentia
412 2689 612 2776 gubernantis
636 2702 751 2775 quanto
787 2688 988 2754 universalior
1022 2703 1070 2756 est
1093 2704 1138 2768 et,

197 2801 252 2867 per
276 2783 362 2868 plura
385 2779 553 2846 ministeria
576 2799 664 2844 suam
704 2777 834 2864 explicat
872 2776 1122 2864 praemeditatio·

197 2889 281 2948 nem;
304 2873 375 2958 quia
398 2883 428 2934 et
452 2870 516 2954 ipsa
540 2867 781 2960 ministeriorpm
805 2867 962 2952 dispositio
975 2888 1123 2952 magnam
1225 2937 1228 2946 Α

197 2973 315 3045 partem
340 2959 452 3046 provisi
477 2956 593 3022 ordinis
617 2957 719 3020 habet.
744 2954 873 3042 Oportet
896 2968 999 3020 autem
1036 2957 1121 3044 quod

198 3047 301 3114 divina
325 3046 517 3136 providentia
541 3045 573 3109 in
596 3065 719 3110 summo
744 3043 938 3132 perfectiouis
965 3049 1122 3126 consistat,

197 3137 269 3222 quia
293 3138 360 3225 ipse
383 3151 428 3204 est
451 3133 630 3222 simpliciter
652 3147 682 3199 ει
705 3133 918 3200 universaliter
956 3132 1122 3219 perfectus,
1227 3179 1228 3210 3

198 3241 231 3290 ut
255 3241 413 3292 ostensum
437 3239 483 3290 est
505 3225 541 3312 (l.
568 3224 596 3300 f,
612 3231 645 3286 c.
669 3223 741 3308 ⁶26).
763 3223 796 3286 fn
821 3221 1012 3308 providendo
1029 3222 1123 3308 igitur
1227 3217 1228 3298 J

198 3335 273 3382 suae
296 3317 463 3403 sapientiae
485 3311 760 3399 praemeditatione
793 3313 980 3395 sempiterna
1016 3313 1122 3378 omnia

198 3405 333 3484 ordinat,
355 3418 641 3492 quantumcumque
664 3401 792 3468 minima
816 3399 988 3479 videantur;
1028 3419 1124 3486 quae-

193 3511 333 3581 cumque
357 3515 429 3561 vero
452 3512 558 3559 rerum
581 3489 697 3577 aliquid
720 3504 897 3580 operantur,
932 3489 1124 3558 instrumeu·
1225 3513 1227 3542 ³
