2516 3968
219 239 285 308 tto
529 261 588 308 un,
607 261 649 308 ru.
673 259 736 308 cnr.
760 259 835 307 eutr.

217 330 348 416 garritus
363 329 476 406 arium,
492 343 522 396 et
534 330 752 418 descriptiones
775 341 969 417 punctorum,
982 347 1053 396 cum
1066 329 1139 417 quis

216 439 280 486 non
292 418 441 485 deliberat
457 432 530 505 quot
554 437 664 506 puncta
682 420 792 484 debeat
807 418 952 494 scribere,
963 432 1138 506 sequuntur·

216 507 451 595 impressionem
475 509 611 589 corporis
626 508 776 586 caelestia
798 521 827 573 ct
850 507 921 572 ideo
934 508 1136 595 dicuntquod

215 596 393 685 hujusmodi
406 611 532 684 possunt
543 617 612 662 esse
624 599 710 682 signa
722 597 885 662 effectuum
895 596 1067 663 lutrrrorum
1081 596 1136 683 spui

214 705 252 751 ex
277 700 362 752 motu
387 685 509 751 caelesti
534 699 708 753 causantur.
722 685 785 750 Sed
801 687 871 771 quia
895 685 955 752 boc
977 685 1135 752 modicam

214 776 365 841 rationem
389 775 492 854 babet,
515 776 613 860 tnagis
637 775 861 840 aestimandum
885 789 932 840 est
947 773 1030 862 quod
1044 795 1135 861 prae·

214 863 421 930 nuntiationes
444 881 583 950 quaeest
607 863 783 948 hujusmodi
806 863 900 948 signis
925 863 1054 929 fiunt'ab
1078 862 1134 928 ali·

215 963 275 1038 q‘ua
299 951 493 1018 intellectuali
516 953 684 1017 substantia
708 953 858 1037 originem
884 951 1028 1028 habeant,
1044 951 1135 1038 cujus

213 1041 324 1106 virtute
347 1041 551 1126 disponuntur
562 1041 706 1128 praedicti
719 1055 822 1105 motus
835 1053 955 1127 praeter
977 1039 1131 1106 delibera-

212 1130 328 1195 tionem
352 1130 526 1208 existentes,
543 1129 713 1196 secundum
736 1129 818 1216 qnod
831 1131 973 1214 congruit
984 1131 1129 1196 obserua-

212 1218 287 1284 tioni
301 1217 485 1284 futurorum.
499 1219 619 1295 delicet
633 1218 819 1304 quandoque
835 1218 911 1282 haec
926 1217 1130 1304 disponantur

212 1308 368 1372 voluntate
386 1307 486 1372 diuina
500 1307 669 1372 ministerio
694 1307 848 1372 bonorum
867 1307 1041 1392 spirituum,
1057 1307 1130 1390 quia

210 1409 240 1461 et
263 1415 280 1461 a
305 1396 372 1460 Deo
395 1396 490 1461 multa
514 1417 570 1483 per
594 1395 713 1460 somnia
739 1397 923 1472 revelantur,
946 1395 1024 1460 sicut
1046 1394 1130 1460 ena-

211 1484 297 1550 raoni
328 1497 358 1550 et
380 1483 680 1562 Nabuchodonosor,
703 1497 733 1550 et
755 1498 854 1551 sortes
868 1501 948 1570 quae
962 1484 1130 1548 mittuntur

210 1575 242 1637 ira
264 1574 366 1638 sinam
389 1573 576 1659 quandoque
599 1575 691 1638 etiam
713 1574 880 1639 oDomino
905 1583 1126 1656 temperantur,

211 1675 244 1727 ut
266 1661 414 1727 Salomon
438 1661 510 1727 dicit
547 1661 707 1738 Proverb,
743 1663 794 1740 tc,
828 1663 881 1739 55,
915 1675 1019 1726 tamen
1058 1661 1127 1746 ple·

211 1770 344 1837 rumque
366 1770 403 1816 ex
426 1751 605 1836 operatione
627 1751 789 1838 spirituum
813 1750 1019 1834 malignorum
1045 1750 1127 1815 acci-

211 1838 299 1918 dunt,
322 1852 355 1904 ut
378 1853 407 1904 et
429 1840 525 1904 sancti
556 1840 704 1905 Doctores
743 1839 850 1905 dicunt
872 1851 903 1903 et
937 1839 1029 1904 etiam
1068 1839 1126 1924 ipsi

210 1927 348 1992 Gentiles
371 1941 566 1993 censuerunt.
605 1928 685 1994 Dicit
709 1929 792 1993 enim
816 1928 965 1993 llaximus
987 1925 1127 1994 Valerius

212 2013 261 2099 (l)
285 2015 368 2102 quod
393 2015 566 2082 observatio
602 2018 803 2102 auguriorum
827 2030 858 2082 et
879 2016 1072 2082 somniorum
1095 2029 1127 2081 et

209 2103 387 2190 hujusmodi
411 2104 450 2169 ad
473 2105 656 2190 religionem
679 2107 843 2192 pertinent,
867 2125 927 2190 qua
958 2104 1040 2170 idola
1074 2124 1125 2170 co·

208 2192 360 2260 lebantur.
384 2193 418 2258 Er
443 2193 511 2258 ideo
535 2195 565 2259 in
589 2197 683 2260 veteri
708 2195 776 2278 lege
798 2194 891 2259 simul
908 2213 979 2258 cum
996 2191 1125 2258 idolola-

206 2283 262 2348 tria
287 2283 488 2348 haecomnia
512 2283 765 2370 prohibebantur;
789 2282 1016 2348 diciturenim:
1043 2281 1125 2346 Curre

204 2392 242 2436 ne
263 2371 384 2436 imitari
415 2373 492 2435 uelis
530 2371 775 2437 abominationes
811 2373 940 2436 illorum
975 2373 1142 2460 gentiunt,
1249 2377 1250 2397 ¹

204 2479 283 2545 quae
306 2460 420 2525 scilicet
444 2459 533 2525 idolis
574 2461 757 2538 serviebant;
776 2481 830 2525 nec
852 2459 1027 2546 irruerintrtr
1047 2459 1081 2522 in
1095 2471 1124 2524 te

203 2549 257 2632 qoi
269 2549 379 2613 lustret
399 2550 496 2634 pilium
519 2569 608 2614 soum
630 2561 685 2614 out
699 2550 808 2636 filium,
820 2553 932 2615 ducens
940 2567 1000 2632 per
1010 2550 1122 2632 ignem,

204 2648 260 2703 cut
281 2638 333 2722 qui
354 2639 469 2702 amotos
492 2638 672 2710 sciscitetur,
695 2650 725 2703 et
746 2638 886 2703 observet
917 2637 1039 2702 somnia
1074 2647 1123 2700 ut·
1236 2675 1241 2690 ·

202 2745 261 2812 que
283 2726 425 2811 uttpurio,
447 2746 503 2790 nec
523 2727 565 2790 sit
586 2729 752 2813 maleficus,
779 2747 835 2792 uec
865 2729 1050 2802 incantator,
1065 2745 1125 2790 nec

204 2816 258 2900 qui
277 2816 427 2901 pythones
449 2816 598 2892 consolat,
621 2836 676 2880 neo
690 2816 821 2894 diuinos,
858 2825 915 2881 out
947 2826 1080 2896 promat
1101 2835 1124 2880 tt

201 2907 332 2970 mortuis
352 2906 523 2982 ceritatem,
544 2903 680 2980 Denter,
694 2903 745 2982 18,
768 2904 856 2970 9-tt.
877 2935 879 2942 ⁴

263 2994 427 3058 Attestatur
456 3007 558 3057 autem
595 2993 813 3080 praedicationi
854 2991 925 3057 fidei
960 2990 1124 3079 prophetia

200 3099 257 3167 per
280 3081 373 3147 alium
398 3081 537 3158 modum,
560 3083 590 3146 in
614 3095 763 3166 quantum
787 3081 901 3146 scilicet
924 3080 1025 3167 aliqua
1057 3079 1122 3145 lide

197 3171 330 3235 tenenda
354 3170 571 3257 praedicantur
608 3191 688 3256 quae
726 3170 938 3256 temporaliter
976 3181 1122 3254 aguntur,

171 3267 174 3274 '
196 3261 274 3324 sicut
297 3261 436 3324 nativitas
461 3258 582 3335 Christi,
607 3260 708 3345 passio
731 3273 761 3324 et
785 3257 970 3325 resurrectio
993 3270 1023 3322 et
1061 3257 1120 3321 bu·

193 3348 339 3434 jusmodi.
364 3347 408 3424 lit,
433 3367 472 3411 ne
490 3347 666 3432 hujusmodi
707 3347 774 3413 ficta
811 3367 828 3412 a
867 3344 1118 3434 praedicantibus

196 3455 263 3501 esse
285 3435 452 3500 credantur
475 3450 527 3500 aut
551 3435 715 3500 casualiter
737 3434 1120 3520 evenisse,‚ostenduntur

246 3538 284 3606 (l)
304 3537 393 3594 Valer.
409 3537 488 3606 Max„
506 3541 538 3592 do
557 3539 667 3593 Memor·
686 3537 781 3609 Dictis,
800 3541 816 3593 l.
839 3541 862 3608 l,
880 3556 903 3594 c.
923 3539 947 3594 l.
