2494 3970
214 221 258 284 5⁶2
544 241 601 287 uu.
624 243 664 287 m.
688 243 754 289 aar.
776 245 804 290 x.

259 308 313 372 *ln
337 305 506 374 moralibus
544 325 648 378 autem
672 313 793 378 videtur
815 313 902 378 aliter
939 333 973 378 se
1007 311 1134 378 habam,

216 398 283 464 Non
306 397 390 462 enim
414 415 452 462 cx
474 397 727 468 delectuvirtutis
749 404 836 490 sequi
862 401 981 469 uidetur
1014 403 1136 468 morale

214 485 428 562 vittameno
464 487 627 556 infirmitas
650 491 770 557 virtutis
792 491 910 558 morale
945 491 1052 557 vitium
1086 491 1135 554 rel

214 575 346 642 totaliter
369 575 454 641 tollat
477 577 525 642 vel
548 579 658 646 saltem
682 579 842 658 diminuat;
865 579 1027 646 infirmitas
1049 581 1134 645 enim

198 675 277 730 'nou
301 677 439 730 meretur
469 687 613 753 poenam,
648 689 727 756 quae
760 670 869 758 culpae
904 669 1045 747 debetur,
1079 669 1135 733 sed
1239 743 1240 758 χ

214 753 313 839 magis
335 753 580 822 misericordiam
603 772 634 822 er
656 761 895 844 ignoscentiam3
927 758 1135 824 voluntarium

215 844 299 910 enim
323 857 445 930 oportet
467 864 535 910 esse
557 847 652 912 moris
676 849 794 926 vitium,
819 869 880 914 non
916 847 1135 914 necessarium.

215 933 247 997 Si
264 946 367 1010 tameo
385 931 549 1017 diligenter
571 935 793 1018 consideretur,
817 937 1135 1022 inveniturquautum
1239 923 1240 946 ¹

215 1021 254 1085 ad
278 1020 395 1108 aliquid
418 1021 529 1102 simile,
554 1039 704 1110 quantum
739 1046 812 1092 tero
851 1025 889 1094 ad
924 1023 1039 1112 aliquid
1073 1023 1135 1090 dis·

216 1111 325 1176 simile:
349 1108 498 1176 dissimile
520 1113 659 1199 quidem,
693 1129 844 1200 quantum
882 1113 922 1178 acl
957 1115 1016 1180 hoc
1050 1115 1135 1200 quod

217 1200 323 1264 vitium
348 1199 466 1264 morale
488 1201 519 1266 in
557 1204 622 1268 sola
657 1205 777 1269 actione
810 1203 1032 1282 consideratur,
1072 1221 1134 1268 non

219 1303 323 1354 autem
348 1289 378 1352 in
403 1289 506 1375 aliquo
530 1289 641 1356 ellectu
664 1292 1048 1379 produotmnamtirtutea
1071 1312 1137 1356 mo-

217 1378 297 1443 rales
320 1397 382 1443 non
404 1393 476 1444 suut
500 1378 643 1454 factivae,
678 1383 732 1448 sed
755 1383 881 1458 activae3
917 1395 999 1449 artes
1033 1395 1136 1446 autem

218 1465 347 1533 factivae
368 1480 452 1542 sunu
477 1482 507 1534 et
529 1469 602 1536 ideo
624 1469 740 1536 dictum
764 1483 810 1536 est
843 1470 927 1558 quod
961 1471 992 1536 iu
1015 1469 1060 1534 eis
1093 1472 1140 1534 si-·

217 1556 330 1640 militer
353 1570 513 1641 peccatum
548 1558 658 1624 accidit
692 1562 770 1626 sicut
804 1561 834 1626 in
869 1573 988 1626 natura.
1022 1557 1137 1624 Malum

216 1647 309 1728 igitur
330 1645 448 1710 morale
471 1649 758 1716 nonconsideratur
780 1670 818 1714 ex
852 1650 979 1714 materia
1003 1647 1050 1712 vel
1073 1646 1139 1712 lor·

218 1755 268 1798 ura
292 1729 431 1811 allectus,
453 1734 507 1800 sed
524 1737 625 1802 solum
654 1739 853 1824 consequitur
885 1757 922 1804 ex
956 1750 1075 1824 agente.
1100 1736 1134 1800 ln

217 1822 389 1888 actionibus
413 1836 515 1888 autem
533 1826 702 1894 moralibus
715 1829 980 1913 inveniunturpcr
992 1823 1135 1890 ordinem

218 1924 350 1995 quatuor
373 1914 468 1976 activa
493 1915 655 2004 principia:
677 1917 818 2000 Quorum
842 1936 939 1982 unum
963 1929 1008 1980 cst
1042 1914 1138 1978 virtus

216 2001 386 2075 executiva,
424 2001 539 2068 scilicet
561 2006 607 2070 vis
628 2010 753 2084 motiva,
776 2026 836 2092 qua
854 2016 1017 2072 morentur
1038 2023 1137 2069 mem·
1241 2043 1242 2046 =

217 2088 273 2153 bra
311 2091 350 2152 ad
386 2091 602 2176 exequendum
639 2097 806 2183 imperium
841 2093 1014 2173 voluntatis
1052 2093 1138 2158 unde

217 2178 294 2242 baec
320 2179 364 2242 vis
389 2200 406 2244 a
430 2179 586 2248 voluntate
607 2199 760 2264 mouetur,
776 2205 856 2272 quac
878 2196 924 2251 ert
947 2181 1030 2250 aliud
1052 2181 1133 2265 prin·

217 2267 343 2352 alpium,
367 2267 507 2334 uoluntas
530 2291 603 2336 vero
632 2289 779 2340 movetur
814 2295 832 2339 a
862 2271 980 2359 judicio
1017 2271 1139 2337 uirtutis

217 2358 470 2442 ³Pl³l⁸l¹0¹¹⁵llftet
503 2378 583 2445 quae
613 2358 731 2445 judicat
754 2363 814 2428 boc
844 2381 913 2428 esse
947 2360 1065 2426 bouum
1089 2360 1138 2424 vel

212 2444 438 2532 malum,quae
460 2463 531 2513 sunt
554 2448 717 2518 voluntatis
740 2451 870 2537 objecta,
893 2470 990 2516 unum
1013 2448 1053 2516 ad
1065 2467 1137 2536 pro·
1241 2521 1242 2526 ἵ

218 2533 426 2619 sequendum,
454 2537 537 2602 aliud
561 2540 600 2604 ad
628 2539 821 2625 fugiendum
855 2543 920 2628 ipsa
954 2552 1057 2606 autem
1093 2539 1139 2600 uis

217 2623 442 2709 apprehensiva
477 2641 620 2694 movetur
655 2650 732 2696 are
767 2632 971 2716 apprehensa.
995 2627 1137 2693 Primum

125 2711 129 2718 '
218 2712 311 2796 igitur
334 2713 466 2778 activum
491 2715 675 2806 principium
699 2719 731 2783 in
765 2717 935 2784 actionibus
969 2715 1139 2782 moralibus

217 2813 264 2864 est
302 2819 352 2866 res
376 2803 579 2889 apprehensa:
602 2807 784 2883 secuudum,
819 2808 863 2874 vis
900 2806 1138 2894 apprebensivm
1241 2849 1242 2854 ι

217 2889 356 2967 tertium,
389 2891 541 2968 voluntas
572 2909 727 2980 quartum,
764 2897 809 2962 vis
845 2895 960 2960 motiva
994 2914 1074 2982 quae
1108 2915 1141 2956 e-

216 2980 361 3065 xequitur
384 2979 550 3068 imperium
588 2984 724 3051 rationis.
759 2989 850 3052 Actus
885 2997 988 3050 autem
1024 2985 1142 3048 virtutis

217 3069 397 3154 exequentis
433 3069 498 3158 jam
530 3075 750 3161 praesupponit
785 3074 911 3140 bouum.
937 3071 1054 3138 morale
1093 3072 1143 3134 tul

217 3155 346 3234 malaue
368 3175 431 3223 non
456 3162 539 3225 enim
563 3162 602 3226 ad
626 3183 729 3230 mores
765 3161 944 3247 hujusmodi
969 3175 1054 3228 actus
1088 3179 1142 3224 ex-

217 3247 345 3310 teriores
369 3249 532 3331 pertinent,
572 3250 630 3316 nisi
665 3250 836 3317 secuudum
871 3248 955 3338 quod
993 3263 1066 3316 sunt
1088 3268 1143 3314 vo-

216 3332 350 3398 luntarii.
377 3333 473 3411 Unde,
497 3340 523 3403 si
547 3340 709 3405 uoluntatis
733 3341 771 3406 sit
802 3351 889 3406 actus
922 3339 1033 3418 bonus,
1056 3351 1086 3406 et
1110 3359 1143 3400 a·

125 3488 135 3510 ὗ
218 3436 284 3486 ctus
307 3423 441 3488 exterior
463 3426 564 3493 bonus
587 3429 718 3506 dicetur;
740 3428 839 3494 malus
876 3442 992 3506 autem,
1028 3429 1053 3492 si
1090 3426 1143 3490 ille

217 3511 255 3574 sit
279 3511 393 3587 malus;
417 3513 492 3578 nibil
517 3518 600 3581 enim
632 3517 681 3582 ad.
711 3517 860 3584 malitiam
895 3517 1046 3584 moralem
1070 3534 1142 3603 per-
