2462 3968
175 279 180 285 -
233 239 297 303 ato
522 258 576 305 tro.
601 261 641 305 m.
664 260 728 306 cnr.
752 259 867 306 unxxur.

232 339 276 404 tu;
299 326 375 392 nihil
400 327 483 392 enim
507 343 650 394 causatur
673 351 709 394 cx
744 343 830 394 motu
864 328 993 415 alicujus
1030 329 1143 415 agentis

231 417 291 482 nisi
313 417 344 482 in
368 425 517 502 quantum
541 433 656 494 rnovet;
694 439 820 506 passum
857 433 960 483 autem
997 432 1141 484 moretur.

231 504 319 586 Quae
342 505 433 588 igitur
455 520 526 571 sunt
549 507 676 572 omnino
714 521 798 572 extra
837 521 955 572 motum
990 527 1055 572 non
1079 527 1143 589 pos·

232 608 307 659 sunt
330 614 397 658 esse
420 609 542 660 causata
566 617 582 660 a
607 596 786 681 corporibus
809 595 1002 661 caelestibus.
1027 595 1089 660 Sed
1112 615 1144 658 ea

231 703 312 769 quae
334 695 405 748 sunt
428 684 507 749 circa
532 684 721 748 intellectum
745 697 815 749 sunt
839 685 966 749 omnino
983 697 1070 749 extra
1086 703 1144 747 mo·

230 787 295 838 tum
320 792 376 858 per
397 793 430 836 se
452 773 619 858 loquendo,
640 774 717 837 sicut
741 785 822 856 patet
845 793 901 857 per
924 773 1144 858 Philosophum

232 861 388 947 (puysie,
412 874 482 925 text.
506 881 619 926 eornm.
638 861 689 936 18,
715 863 755 926 19
779 875 809 926 ει
825 862 893 948 90),
909 863 983 947 quin
1015 861 1080 926 imo
1096 879 1144 947 per

230 950 365 1030 quietem
390 970 406 1013 a
431 951 564 1016 motibus
588 951 619 1014 fir
642 951 744 1014 anima
768 950 904 1036 prudens
927 963 957 1014 ει
979 949 1094 1024 sciens,
1115 961 1144 1013 ut

229 1036 344 1103 ibidem
368 1038 488 1104 dicitur.
512 1039 704 1126 lmpossibile
727 1051 772 1104 est
794 1059 870 1124 ergo
908 1039 993 1124 quod
1017 1057 1143 1124 corpora

228 1125 370 1192 caelestia
392 1127 452 1192 sint
475 1148 587 1216 perse
611 1148 703 1194 cause
725 1147 833 1193 eorum
858 1147 938 1214 quac
971 1141 1047 1192 sunt
1070 1128 1141 1192 circa

226 1213 426 1282 intellectum.

295 1304 443 1391 Amplius,
465 1304 497 1370 Si
521 1305 597 1369 nihil
620 1319 762 1370 causatur
784 1303 824 1368 ab
862 1303 965 1389 aliquo
1003 1322 1139 1390 corpore,

228 1391 287 1458 nisi
312 1394 492 1479 inquantum
518 1407 621 1458 movet
644 1393 718 1458 dum
742 1405 893 1467 movetur,
916 1405 1041 1478 oportet
1055 1413 1141 1456 omne

228 1481 304 1547 illud
330 1483 412 1568 quod
437 1483 542 1569 recipit
573 1483 808 1569 impressionem
845 1481 974 1566 alicujus
1009 1482 1143 1568 corporis

229 1573 357 1636 moveri.
382 1571 462 1636 Nihil
486 1583 588 1635 autem
614 1585 753 1636 movetur
776 1571 833 1635 nisi
871 1589 995 1656 corpus,
1021 1583 1056 1634 ut
1079 1589 1142 1658 pro

230 1659 320 1725 batur
342 1661 372 1724 in
396 1674 481 1726 sexto
505 1660 705 1745 Physicorum
741 1663 837 1746 (text.
862 1679 976 1724 comm.
1012 1659 1069 1750 46,
1104 1657 1142 1721 ts

230 1761 260 1813 ει
283 1769 346 1833 seq.
362 1749 385 1829 ).
411 1747 539 1835 Oportet
563 1769 637 1834 ergo
661 1769 755 1813 omne
777 1749 807 1812 id
831 1749 914 1834 quod
950 1748 1060 1834 recipit
1093 1747 1142 1812 im·

231 1839 420 1923 pressionem
445 1836 573 1922 alicujus
595 1839 731 1923 corporis
755 1857 822 1902 esse
859 1857 970 1923 corpus
1009 1837 1059 1901 vel
1093 1837 1142 1900 ai-

229 1945 322 2008 quam
342 1926 483 1990 virtutem
508 1947 700 2012 corpoream.
726 1923 892 1990 Ostensunr
915 1937 1082 1990 astantem
1099 1924 1141 2005 (l.

230 2014 262 2088 9,
285 2034 311 2078 ε.
335 2013 407 2100 ts)
430 2015 514 2100 quod
537 2015 709 2080 intellectus
733 2035 833 2100 neque
849 2028 894 2078 εει
910 2035 1022 2100 corpus
1047 2033 1142 2098 neque

208 2104 324 2176 ,virtus
347 2123 504 2190 corporeo.
530 2102 720 2190 Impossibile
743 2117 789 2169 est
812 2103 904 2186 igitur
916 2102 997 2188 quod
1014 2121 1140 2191 corpora

227 2191 370 2257 caelestia
393 2192 508 2256 directe
531 2192 708 2278 impriment
731 2192 762 2256 in
796 2191 994 2257 intellectum.

294 2281 381 2354 ltem,
404 2279 506 2345 Omne
528 2281 611 2366 quod
636 2294 776 2366 movetur
798 2279 838 2344 ab
861 2280 963 2366 aliquo
987 2279 1141 2344 reducitur

227 2367 266 2434 ab
289 2389 326 2432 eo
350 2369 389 2434 de
412 2368 545 2456 potentia
570 2369 599 2432 in
623 2383 733 2433 actum.
756 2369 836 2434 Nihil
860 2382 962 2434 autern
986 2368 1141 2433 reducitur

226 2456 267 2520 ab
290 2457 392 2542 aliquo
417 2457 455 2521 de
480 2457 614 2543 potentia
638 2459 668 2521 in
693 2471 794 2522 actum
830 2457 886 2521 nisi
911 2475 966 2544 per
1004 2456 1035 2520 id
1060 2453 1139 2542 quod

226 2557 273 2608 est
296 2558 376 2610 actu.
400 2543 528 2631 Oportet
551 2565 626 2630 ergo
647 2567 740 2610 omne
764 2564 859 2630 agens
882 2558 911 2611 et
931 2565 1061 2610 mouens
1077 2564 1140 2610 esse

227 2633 330 2720 aliquo
353 2635 447 2700 modo
471 2649 550 2713 actu,
573 2648 711 2720 respectu
735 2655 842 2699 eorum
867 2633 906 2698 ad
922 2653 1001 2718 quae
1017 2653 1138 2718 passum

228 2737 258 2788 et
281 2737 399 2788 motum
422 2737 468 2787 est
490 2723 520 2787 in
544 2723 688 2808 potentia.
706 2722 841 2809 Corpora
875 2737 976 2786 autern
1000 2722 1138 2788 caelestia

227 2833 291 2876 non
315 2826 385 2877 suut
409 2825 475 2876 aeto
500 2811 710 2895 intelligibilia,
733 2832 804 2876 oum
827 2811 887 2875 sint
909 2811 1063 2896 quaedam
1081 2811 1138 2876 sin·

228 2900 346 2986 galeria
369 2900 535 2965 sensibilia.
559 2899 636 2965 Cum
661 2901 752 2984 igitur
776 2900 946 2964 intellectus
962 2911 1137 2965 nesteruon

226 2991 265 3054 sit
288 2990 318 3052 in
342 2990 477 3075 potentia
501 2989 557 3054 nisi
583 2989 620 3052 od
645 2987 846 3074 intelligibilia
869 2990 900 3052 in
923 3001 1003 3066 actu,
1027 2987 1138 3074 impos·

225 3077 313 3142 sibile
337 3077 487 3164 estquod
511 3097 639 3165 corpora
663 3077 804 3142 eoelestia
842 3075 956 3140 directe
993 3076 1136 3162 agentia

223 3166 422 3233 intellectum.

288 3255 406 3336 Adhuc,
428 3255 554 3341 Propria
578 3254 715 3340 operatio
744 3253 787 3318 rei
826 3253 1025 3338 consequitor
1048 3267 1134 3318 natu·

223 3363 290 3409 ram
313 3345 418 3429 ipsius,
441 3363 521 3429 quae
543 3343 635 3408 robus
657 3342 809 3428 generatis
833 3361 887 3427 per
903 3341 1132 3426 generationem

224 3433 392 3517 aequiritur
415 3432 506 3496 simul
529 3451 599 3495 cum
625 3431 746 3517 propria
770 3430 959 3515 operatione3
983 3431 1061 3495 sicut
1084 3451 1132 3516 po·

226 3535 268 3583 tet
290 3519 328 3582 de
352 3519 435 3604 graui
460 3533 489 3582 et
512 3519 582 3598 leui,
603 3537 684 3604 quac
708 3518 822 3584 hahent
842 3519 944 3584 statim
975 3519 1132 3606 proprium
