2462 3968
226 217 295 282 ιιι
543 236 601 282 ιιι.
628 238 667 282 ιιι.
692 235 755 282 ιιι.
780 237 880 282 cxxvi.

225 305 309 384 dent;
332 325 404 374 nam
428 304 512 372 Deus
534 327 676 372 summus
700 305 852 372 secundos
875 317 907 372 et
923 305 1028 375 tertios
1044 310 1151 376 statuit

225 395 408 480 provisores.

291 483 373 548 llaec
403 496 507 550 autem
539 484 648 569 positio
685 482 853 548 catholicae
884 483 956 548 fidei
987 501 1153 566 consonat,

224 587 374 656 quantum
398 573 437 638 ad
462 573 521 638 boc
548 572 629 658 quod
669 574 808 638 omnium
844 573 1070 658 providentiam
1103 597 1155 640 re-

224 660 307 726 ducit
329 663 361 725 in
385 660 486 726 Deum
512 662 588 727 sieut
612 662 644 725 in
668 664 804 747 primunt
827 675 996 728 auctorem
1022 663 1152 731 Videtur

222 763 325 824 autern
350 751 520 816 sententiae
545 750 617 814 fidei
641 771 825 835 repugnare,
849 766 1001 836 quantum
1026 754 1065 818 ad
1092 754 1152 820 boc

223 839 307 921 quod
331 859 393 902 non
417 839 519 914 omnia
545 839 739 924 particularia
778 839 900 904 divinae
938 841 1153 926 providentiae

223 928 296 992 dicit
311 947 380 992 esse
395 927 542 1012 subjecta.
557 927 649 1009 Quod
666 948 702 992 ex
718 927 882 1014 praedictis
899 929 1019 994 ostendi
1036 945 1153 1016 potest.

289 1015 387 1080 Habet
409 1019 492 1080 enim
515 1017 599 1082 Deus
632 1017 844 1082 immediatam
867 1017 1072 1102 singularium
1098 1041 1151 1086 co·

222 1105 404 1189 gnitionem,
428 1125 491 1170 non
515 1105 601 1192 quasi
632 1127 668 1170 ea
690 1106 723 1170 in
746 1107 808 1170 suis
832 1109 932 1170 causis
955 1127 1151 1192 cognoscens

223 1208 352 1270 tautum,
376 1193 545 1260 sedetiam
569 1197 600 1258 in
623 1195 742 1280 seipsis,
770 1196 847 1258 sicut
871 1195 902 1258 in
927 1196 1026 1280 primo
1050 1198 1151 1283 hujus

222 1285 323 1368 operis
346 1282 425 1348 libro
448 1296 494 1347 est
522 1297 689 1347 ostensum.
728 1283 950 1348 inconveniens
973 1299 1076 1349 autem
1103 1290 1149 1352 vi-

222 1372 312 1436 detur
335 1371 428 1457 quod,
452 1371 618 1457 singularia
643 1391 842 1455 cognoscens,
869 1392 977 1438 eorum
1001 1373 1150 1442 ordinem

222 1481 284 1525 nun
310 1462 391 1536 velit,
420 1461 450 1526 in
464 1482 525 1547 quo
541 1461 658 1528 bonurn
677 1461 876 1546 praecipuum
894 1482 999 1530 rerum
1014 1481 1150 1546 constat,

221 1570 292 1614 oum
317 1551 456 1618 voluntas
495 1551 611 1615 suasit
645 1551 736 1614 totius
770 1551 913 1616 bonitatis
948 1553 1150 1640 principium.

222 1636 351 1724 Oportet
374 1640 467 1723 igitur
490 1639 584 1726 quud,
608 1639 684 1704 sicut
707 1639 884 1704 immediate
900 1640 1064 1726 singularia
1092 1665 1148 1710 co-

217 1730 350 1811 gnoscit,
374 1729 415 1794 ita
438 1728 617 1794 immediate
640 1748 750 1794 eurum
774 1728 916 1792 ordinem
939 1743 1058 1796 statuat.

287 1817 436 1902 Amplius,
459 1815 545 1882 Ordo
568 1817 620 1902 qui
645 1837 700 1903 per
727 1817 950 1902 providentiam
982 1819 1013 1882 in
1048 1821 1146 1887 rebus

219 1905 399 1988 gubernatis
422 1907 563 1972 statuitur
593 1925 629 1970 ex
654 1905 763 1972 ordine
797 1906 849 1970 illo
875 1909 1014 1992 provenit
1046 1929 1146 1993 quem

221 1995 361 2080 provisor
385 1997 415 2060 in
438 2016 493 2060 sua
519 2008 624 2060 mente
641 1994 799 2081 disposuit,
815 1996 895 2060 sicut
911 2012 940 2060 et
957 1996 1056 2062 lorma
1068 2001 1145 2064 artis

220 2102 300 2167 quae
324 2083 357 2148 lit
380 2085 411 2148 in
450 2084 579 2148 materia
603 2083 641 2146 ab
665 2105 701 2149 ea
740 2083 879 2170 procedit
915 2105 995 2170 quae
1029 2099 1074 2163 est
1114 2089 1146 2152 in

221 2187 324 2240 mente
348 2171 481 2238 artificis.
505 2170 635 2258 Oportet
659 2187 772 2251 autem,
799 2173 850 2238 ubi
875 2189 945 2238 sunt
969 2175 1056 2240 multi
1073 2197 1147 2262 pro-

220 2265 347 2340 visores,
371 2283 450 2328 unus
474 2262 531 2328 snb
563 2261 633 2338 alio,
667 2262 752 2346 quod
787 2262 928 2326 ordinem
963 2278 1146 2330 contentum

219 2356 361 2434 superior
383 2349 520 2416 inferiori
551 2349 661 2426 tradat,
689 2350 767 2414 sicut
802 2371 850 2414 ars
875 2350 1001 2416 inferior
1034 2355 1148 2440 accipit

220 2439 370 2526 principia
394 2460 411 2504 ι
434 2439 594 2526 superiori.
619 2437 650 2502 Si
675 2439 768 2522 igitur
791 2440 916 2504 secundi
931 2453 960 2504 et
975 2443 1055 2507 tertii
1072 2465 1146 2529 pro·

219 2530 337 2596 visores
360 2543 608 2614 ponuntur.esse
630 2527 687 2592 sub
712 2527 811 2612 primo
836 2530 1005 2614 provisore,
1023 2534 1076 2616 qui
1101 2547 1147 2598 est

218 2618 303 2684 Deus
327 2637 478 2695 summus,
502 2629 622 2703 oportet
651 2615 735 2702 quod
769 2616 909 2684 ordinem
945 2620 1146 2686 statuendum

218 2710 250 2772 in
274 2713 367 2774 rebus
389 2727 406 2770 a
431 2701 555 2772 summo
579 2706 646 2770 Deo
670 2704 827 2790 accipiant.
852 2705 918 2770 Non
957 2722 1004 2776 est
1039 2724 1146 2776 autern

218 2795 366 2883 possibile
389 2794 472 2881 quod
497 2797 554 2859 iste
577 2794 653 2861 ordo
677 2795 714 2858 sit
738 2795 768 2858 iu
792 2799 836 2860 eis
860 2794 1026 2881 perfectior
1048 2819 1145 2885 quam

209 2888 250 2952 *in
274 2905 396 2952 summo
420 2883 497 2960 Deo;
521 2884 595 2968 quin
630 2887 693 2948 imo
716 2903 825 2950 omues
858 2883 1067 2970 perfectiones
1092 2909 1147 2974 per

218 2975 349 3042 modum
373 2973 541 3042 descensus
565 2971 603 3039 ab
628 2993 665 3036 eo
693 2971 725 3036 in
749 2973 807 3038 alia
832 2976 1027 3058 proveniunt,
1053 2988 1147 3042 uter

126 3065 128 3068 ’
216 3063 430 3151 superioribus
454 3063 506 3147 (o.
532 3059 601 3145 69)
630 3074 721 3148 patet.
757 3059 886 3148 Oportet
920 3077 1025 3128 autem
1061 3065 1146 3151 quod

218 3155 297 3220 ordo
320 3172 425 3218 rerum
448 3153 487 3216 sit
509 3151 540 3216 in
565 3149 709 3216 secundis
726 3150 947 3235 provisoribus,
964 3173 1026 3218 non
1043 3155 1147 3220 solum

218 3245 250 3310 in
283 3239 459 3318 universali,
493 3239 547 3304 sed
583 3241 676 3304 etiam
705 3254 855 3323 quantum
891 3240 930 3305 ad
965 3243 1145 3326 singularias

218 3332 307 3410 alias,
328 3351 393 3396 non
417 3343 540 3415 possent
572 3349 627 3396 sua
651 3328 843 3414 providentia
864 3328 900 3398 t'n
935 3330 1146 3415 singularibus

219 3420 363 3486 ordinem
386 3432 529 3482 statuere.
553 3416 648 3481 Multo
682 3417 775 3500 igitur
798 3419 896 3500 magis
931 3419 1009 3487 ordo
1040 3421 1145 3507 singu·

216 3510 331 3582 larium
356 3507 456 3573 estin
480 3505 602 3572 divinae
626 3505 836 3592 providentiae
860 3506 1071 3597 dispositione.
