2452 3970
391 255 446 300 ιιιι.
470 257 512 302 ιιι.
536 229 700 302 ειι.ἰιιιιι.
940 229 1002 304 159

86 327 190 412 gnitio,
216 345 276 412 qua
298 323 487 390 substantiae
520 339 678 412 separatae
716 337 746 390 et
779 327 900 391 animae
934 342 1002 414 post

86 430 220 482 mortem
243 428 434 496 cognoscunt
457 414 557 480 Deum
585 435 732 500 persnas
755 417 911 493 essentias,
941 415 1003 481 sulss

85 504 165 570 liciat
189 503 230 569 ad
254 505 390 590 ipsarum
413 503 552 568 ultimam
576 503 760 568 felicitatem.

148 593 196 658 td
210 593 441 678 cujusueritatis
463 592 704 677 indagationem,
726 591 1003 678 primocstenden·

83 682 158 748 dum
182 680 335 768 estquod
360 701 416 767 per
448 679 539 745 talem
562 682 690 747 modum
725 683 907 768 cognitionis
940 703 1002 748 non

83 771 283 858 cognoscitur
303 768 406 836 divina
422 769 563 834 essentia.

148 860 307 944 Contingit
328 859 411 923 enim
443 877 480 924 ex
514 859 623 924 ellectu
659 879 783 924 causam
817 879 1004 945 cognoscere

82 949 304 1035 multiplieiter:
328 948 394 1012 Uno
418 948 522 1026 modo,
555 947 726 1012 secundum
761 947 845 1033 quod
880 948 1004 1013 allectus

82 1038 219 1103 sumitur
241 1051 276 1102 ut
299 1037 436 1101 medium
449 1036 486 1101 ad
504 1037 753 1122 cognoscendum
765 1037 804 1102 de
816 1057 906 1102 causa
920 1037 1004 1124 quod

83 1127 121 1191 sit
142 1141 176 1192 et
202 1125 285 1214 quod
309 1127 375 1191 talis
398 1125 446 1201 sit,
469 1126 547 1190 sicut
569 1125 678 1190 accidit
700 1125 731 1190 in
754 1126 902 1201 scientiis,
925 1147 1006 1213 quae

82 1235 211 1281 causam
236 1216 448 1280 demonstrant
470 1235 525 1300 per
559 1214 711 1280 ellectum.
736 1215 802 1279 Alio
836 1216 940 1290 modo,
964 1217 1004 1280 ita

84 1306 168 1390 quod
194 1307 226 1369 in
251 1305 316 1390 ipso
340 1304 449 1368 effectu
473 1303 612 1368 videatur
634 1323 735 1382 causa,
758 1305 940 1390 inquantum
964 1306 1005 1368 si-

84 1393 231 1460 militudo
254 1413 365 1462 causae
398 1389 525 1457 resultat
549 1393 578 1455 in
602 1391 721 1470 ellectu,
744 1393 821 1457 sicut
845 1393 940 1459 homo
962 1395 1004 1472 vi-

84 1481 176 1547 detur
200 1485 232 1548 in
256 1481 381 1569 speculo
404 1495 529 1568 propter
556 1501 643 1545 suam
667 1479 910 1545 similitudinem.
945 1481 1006 1566 (Et
1073 1553 1077 1561 ,

85 1569 188 1636 differt
212 1572 262 1636 hic
284 1570 396 1635 modus
419 1591 436 1636 a
460 1569 571 1654 primo;
593 1568 708 1633 namin
726 1571 911 1655 primosum
926 1569 1008 1652 duee,

85 1661 290 1744 cognitiones,
313 1659 437 1724 effectus
461 1673 491 1722 et
509 1660 633 1733 causae,
658 1677 788 1742 quarum
813 1678 873 1723 una
897 1672 943 1724 est
964 1659 1007 1722 al·
1116 1706 1118 1710 ψ

88 1750 183 1814 ιειιιιε
208 1769 311 1822 oausa;
334 1769 406 1812 nam
430 1747 564 1832 cognitio
587 1747 711 1812 allectus
734 1761 780 1812 est
809 1767 900 1813 causa
924 1748 1007 1834 quod

88 1850 293 1922 cognoscatur
315 1857 407 1902 causa
431 1835 507 1922 ejus,
523 1844 553 1900 in
571 1836 664 1901 modo
682 1851 785 1902 autem
798 1835 933 1902 secundo
947 1857 1007 1902 una

90 1940 134 1990 est
156 1927 232 1992 visio
256 1926 425 2012 utriusque3
447 1925 539 1991 simul
551 1925 634 1989 anim
651 1924 725 1990 dum
739 1925 857 1990 videtur
872 1925 1008 2000 allectus,

88 2015 210 2080 videtur
232 2027 263 2080 et
284 2035 375 2080 causa
399 2015 429 2078 in
453 2015 555 2101 ipso).
580 2013 685 2078 Tertio
710 2014 812 2092 modo,
849 2015 889 2079 ita
924 2015 1008 2101 quod

89 2103 258 2170 similitudo
281 2123 392 2168 causae
415 2104 447 2167 in
471 2104 580 2168 ellectu
603 2103 642 2167 sit
664 2101 762 2168 lorma
777 2123 836 2188 qua
850 2105 1009 2186 cognoscit

88 2211 214 2259 eausam
237 2213 311 2258 suus
334 2192 470 2270 ellectum
494 2193 570 2258 sicut
592 2192 616 2255 si
640 2211 710 2256 arca
735 2192 863 2257 haberet
889 2192 1008 2256 intelle·

89 2293 184 2360 ctum,
208 2296 238 2346 et
262 2302 316 2368 per
338 2280 472 2346 formam
493 2301 580 2346 suam
598 2294 797 2363 cognosceret
807 2294 904 2346 artem
917 2301 933 2343 a
948 2301 1009 2366 qna

91 2370 158 2436 talis
183 2370 282 2436 forma
309 2370 391 2434 velut
424 2369 491 2456 ejus
525 2369 692 2434 similitudo
727 2370 884 2456 processit.
918 2369 1009 2434 Nullo

90 2475 194 2525 autem
211 2463 339 2524 istorum
353 2461 518 2524 modorum
531 2479 585 2546 per
597 2455 738 2522 ellectum
755 2471 853 2545 potest
865 2455 1009 2543 cognosci

91 2565 182 2614 causa
206 2547 357 2634 quidest,
380 2548 437 2613 nisi
461 2548 498 2613 sit
523 2549 647 2613 ellectus
678 2567 787 2612 causae
811 2546 1009 2633 adaequatus,

90 2633 121 2698 in
145 2657 208 2723 quo
231 2649 292 2702 tota
315 2637 410 2702 virtus
433 2657 543 2702 causac
577 2639 775 2720 exprimatur.
813 2635 1010 2700 Substantias

92 2739 195 2790 autern
216 2738 375 2811 separatae
407 2739 598 2810 cognoscunt
620 2724 720 2788 Deum
755 2745 903 2812 persnas
936 2725 1009 2788 sub-

93 2816 226 2891 stantias,
250 2815 327 2878 sicut
348 2834 441 2879 causa
465 2815 659 2898 cognoscitur
686 2833 740 2897 per
763 2813 916 2884 effectum,
946 2831 1008 2876 non

91 2915 193 2968 autem
217 2904 317 2989 primo
341 2903 446 2981 modo,
468 2905 540 2987 quia
563 2904 607 2968 sic
637 2921 745 2965 eorum
769 2901 904 2984 cognitio
930 2915 1011 2965 esset

92 2988 267 3066 discursive,
290 2991 344 3056 sed
367 2991 504 3056 secundo
528 2991 632 3067 modo,
655 2989 837 3074 inquantum
857 3009 916 3054 una
930 2988 1011 3054 videt

92 3075 191 3146 Deum
215 3081 246 3144 in
270 3081 338 3155 alia,
360 3094 389 3144 et
413 3082 502 3144 tertio
526 3079 630 3158 modo,
654 3079 835 3162 inquantum
858 3077 1012 3165 quaelibet

94 3185 199 3234 earum
221 3168 304 3234 videt
325 3169 426 3233 Deum
451 3169 481 3233 in
504 3169 612 3254 seipsa.
643 3165 732 3230 Nulla
766 3180 869 3232 eutem
903 3185 1010 3232 earuna
1098 3179 1106 3192 ‘

95 3269 139 3320 εει
161 3259 286 3324 effectus
309 3257 485 3344 adaequans
508 3259 650 3323 virtutem
685 3255 753 3332 Dei,
787 3268 820 3320 ut
853 3267 1010 3322 ostensum

97 3346 626 3428 est(1.9,c.26et97).Non
661 3357 708 3408 est
741 3345 833 3428 igitur
866 3345 1012 3432 possibile

97 3435 187 3515 quod,
213 3456 267 3522 per
290 3436 372 3501 hunc
395 3435 522 3502 modum
546 3430 739 3522 cognitionis,
762 3435 859 3521 ipsam
875 3434 1010 3500 divinam

99 3524 258 3590 essentiam
281 3524 412 3590 uideant.
