2514 3972
215 237 282 305 ott
525 259 581 306 tre.
605 261 646 306 nr.
673 261 736 306 etr.
762 261 820 306 crx.

214 347 307 394 mone
329 341 528 394 oonseentnm
552 343 597 394 est
621 331 779 417 multiplex·
794 342 953 416 peceatum
969 330 1001 396 in
1017 329 1131 396 volun-

212 429 274 482 tate
296 416 401 504 ipsius
424 431 453 482 et
476 419 538 483 odii
572 419 666 505 ipsius
690 421 728 484 ad
753 420 853 484 Deum
878 433 910 484 ut
933 422 1128 485 resistentem

211 527 286 572 suae
297 507 459 591 superbiae
471 521 501 571 et
518 510 694 594 punientem
708 508 975 594 justissimesuam
992 509 1128 595 eulpam,

211 609 242 661 et
263 595 395 660 invidiae
418 596 456 661 ad
491 597 659 674 bominem,
682 611 712 661 et
734 596 829 662 multa
854 597 912 662 alia
937 596 1128 683 hujusmodi.

277 683 539 750 Considerandum
563 700 609 750 est
639 687 729 750 etiam
754 685 942 774 quodcum
967 686 1126 773 proprium

211 773 339 859 alicujus
361 773 477 838 bonum
502 753 595 839 babet
620 776 760 840 ordinem
785 775 822 838 ad
846 775 933 862 plura
956 775 1128 862 superiora,

210 861 343 928 liberum
367 874 413 926 est
428 863 542 928 volenti
559 879 589 928 nt
606 864 645 928 ab
661 865 769 928 ordine
785 863 913 949 alicujus
928 865 1126 950 superiorum

210 951 334 1020 recedat
356 963 386 1017 et
409 951 532 1016 alterius
563 955 705 1018 ordinem
739 974 800 1017 non
824 952 1027 1040 derelinquet,
1061 953 1128 1016 sive

211 1040 249 1105 sit
272 1041 413 1126 superior
435 1043 498 1106 sive
521 1041 558 1106 sit
585 1041 721 1118 inlerion
736 1041 821 1106 'sieut
843 1041 943 1121 miles,
966 1042 1018 1128 qni
1041 1040 1127 1106 ordi-

132 1166 137 1178 ·
210 1141 301 1194 natur
323 1128 381 1194 sub
404 1149 477 1213 rege
500 1145 530 1194 et
551 1132 610 1196 sub
634 1132 712 1195 duee
745 1131 905 1208 exereitus,
938 1142 1038 1218 potest
1071 1149 1128 1194 ro·

207 1217 355 1283 luntatem
378 1237 465 1284 suom
490 1219 633 1284 ordinare
666 1220 696 1283 in
734 1219 850 1284 bonum
886 1219 972 1284 ducis
1006 1231 1037 1284 et
1059 1239 1124 1282 non

207 1308 298 1392 regis,
322 1319 373 1372 aut
395 1327 591 1387 econvers03
621 1309 686 1386 sed,
710 1309 734 1372 si
758 1308 818 1372 dux
842 1307 881 1372 ab
904 1308 1012 1372 ordine
1037 1307 1123 1392 regis

207 1397 340 1478 recedat,
378 1396 459 1462 bona
497 1397 554 1462 erit
591 1397 731 1462 voluntas
769 1397 872 1461 militis
909 1396 1123 1462 recedentisa

207 1486 364 1552 voluntate
386 1485 471 1551 ducis
500 1499 530 1551 et
552 1486 709 1568 dirigentis
743 1485 930 1550 voluntatem
965 1505 1053 1550 suum
1088 1485 1122 1550 in

207 1591 324 1660 regern,
348 1574 428 1640 mala
450 1588 552 1640 sutem
580 1576 719 1640 voluntas
754 1575 858 1638 militis
879 1574 1035 1661 sequentis
1068 1593 1125 1638 vo-

207 1663 356 1730 luntatem
380 1663 465 1728 ducis
488 1677 594 1730 eontra
618 1665 804 1728 voluntatem
830 1664 920 1747 regie
944 1663 1124 1728 ordoenim

207 1751 361 1819 inferioris
382 1753 521 1840 principii
557 1753 711 1840 dependet
740 1753 779 1817 ub
803 1752 911 1817 ordine
944 1752 1124 1837 superioris.

114 1844 119 1856 '
206 1841 401 1908 Substantiae
423 1856 526 1906 arrtem
549 1855 707 1928 separatae
729 1861 792 1906 non
815 1841 916 1906 solum
939 1841 1124 1906 ordinantur

205 1930 266 1996 sub
289 1930 366 2011 Deo,
388 1929 442 1994 sed
466 1951 526 1995 nna
550 1933 641 1995 etiam
665 1951 772 1996 earum
789 1931 947 1994 ordinatur
969 1929 1028 1994 sub
1051 1928 1127 2009 alia,

208 2040 225 2084 a
249 2019 347 2104 prime
370 2039 468 2106 nsque
491 2019 531 2084 ab
553 2019 701 2092 ultimam,
726 2033 759 2084 ut
781 2033 941 2083 ostensum
963 2031 1010 2082 est
1031 2017 1125 2104 (1.9,

207 2127 234 2174 o.
259 2106 336 2190 9b);
359 2122 399 2187 et,
421 2109 490 2194 quia
514 2109 545 2172 in
568 2110 707 2194 quolibet
729 2107 851 2173 volente
866 2108 924 2172 sub
940 2106 1006 2171 Deo
1022 2120 1127 2192 potest

206 2217 274 2264 esse
298 2211 456 2284 peecatum
479 2197 653 2272 volumnus,
683 2197 761 2262 siin
786 2217 841 2262 sua
878 2209 985 2260 natura
1020 2196 1123 2260 eonsi-

204 2288 341 2366 deretur,
364 2285 508 2374 possibile
534 2285 589 2350 luit
612 2287 695 2372 quod
717 2286 817 2371 aliqua
841 2285 882 2350 de
910 2283 1124 2370 superioribus

204 2377 372 2441 autetiam
396 2395 539 2460 suprema
563 2377 642 2439 inter
664 2397 772 2441 omnes
796 2387 934 2460 peccaret
948 2372 1122 2438 seeundum

205 2465 404 2530 voluntatem.
430 2463 463 2530 Et
487 2464 693 2549 noeeqndem
716 2463 788 2528 satis
812 2461 969 2549 probabile
984 2475 1040 2538 est3
1056 2483 1120 2527 non

205 2554 289 2618 eninr
311 2554 342 2618 in
365 2573 421 2617 sno
445 2552 527 2618 bono
550 2554 713 2638 quievisset
729 2553 806 2618 sieut
822 2552 851 2615 in
869 2552 943 2624 bne,
957 2550 1119 2614 nisisuum

205 2643 323 2708 bonum
347 2641 436 2706 valde
461 2641 632 2728 perlectum
666 2655 754 2706 esset„
790 2639 890 2704 Potuit
924 2641 1016 2723 igitur
1049 2638 1119 2706 lieri

204 2731 290 2817 qnod
312 2731 351 2796 de
374 2731 569 2796 inferioribus
591 2731 712 2815 aliquae
733 2749 789 2816 per
820 2728 976 2815 propriam
1011 2727 1121 2791 volun·

205 2833 300 2886 tatem
322 2819 439 2886 bonum
461 2839 552 2884 suum
576 2819 753 2884 ordinarent
765 2820 794 2882 in
808 2819 917 2903 ipsam,
940 2815 1120 2881 recedentes

207 2929 225 2974 a
247 2910 352 2975 divino
375 2909 494 2988 ordine,
519 2927 598 2994 quae
632 2909 771 2973 similiter
805 2919 1018 2994 peeeamrnne
1041 2904 1120 2971 aliae

205 3019 289 3074 vero,
312 3012 468 3064 servantes
491 2997 521 3061 in
557 3010 643 3062 motu
677 3017 752 3061 suae
785 2995 946 3060 voluntatis
981 2993 1119 3059 divinum

204 3089 355 3164 ordinem,
379 3087 418 3152 ab
442 3083 550 3152 ordind
574 3086 745 3173 peccantis,
778 3085 919 3171 quemvis
952 3083 1118 3169 superioris

201 3177 370 3241 seeundum
397 3190 523 3240 naturae
547 3175 698 3251 ordinem,
722 3189 803 3238 reete
827 3173 1015 3238 recederent.
1034 3172 1118 3254 Quo-

201 3265 294 3331 modo
318 3285 391 3330 vero
415 3267 444 3352 ip
469 3265 603 3330 bonitate
621 3265 668 3329 vel
685 3263 797 3328 malitia
816 3261 1017 3327 immobiliter
1032 3274 1120 3326 utro-

200 3375 332 3438 rumque
355 3338 702 3440 voluntas'perseverat,
725 3351 903 3418 ostendetur
918 3350 955 3436 (l.
980 3349 1012 3426 d,
1029 3370 1058 3418 e.
1072 3349 1116 3416 29

192 3458 232 3522 vet
254 3443 320 3524 93);
344 3443 403 3506 boe
425 3443 507 3506 enim
544 3443 673 3526 pertinet
696 3441 734 3508 ed
759 3461 873 3528 poenas
908 3438 955 3506 vel
978 3440 1116 3525 praemia

201 3530 354 3594 bonorum
378 3531 425 3594 vel
448 3530 611 3594 mulorum.
