2514 3972
224 228 289 296 :tlt
496 250 551 294 tm.
576 252 617 294 ur.
642 251 704 296 cnr.
728 252 766 296 m.
791 251 827 295 ur
850 250 899 296 cn.

289 315 406 382 Horum
428 332 529 384 autem
555 320 773 386 miraculorum
799 321 909 384 diversi
933 334 1003 386 sunt
1028 321 1149 405 gradus

223 419 254 471 et
276 406 408 472 ordines.
434 407 509 472 Nam
534 429 690 474 summum
714 409 846 494 gradum
878 409 956 474 inter
993 412 1147 476 miracula

225 509 330 562 teuent
353 493 415 581 (ea)
441 497 471 561 in
495 497 607 582 quibus
631 498 746 582 aliquid
771 499 801 563 lit
824 519 841 562 a
865 498 931 562 Deo
964 499 1047 585 quod
1073 521 1148 564 na-

223 599 290 650 tura
313 603 474 671 nunquam
498 585 598 650 facere
623 600 732 672 potest,
764 589 841 651 sicut
879 586 961 672 quod
986 586 1047 652 duo
1070 607 1146 652 cor·

221 694 296 760 pora
320 675 380 739 sint
402 675 493 739 simul
517 672 578 760 (l),
617 688 647 739 et
679 674 762 760 quod
801 674 847 738 sol
881 677 1052 741 retrocedat
1088 691 1145 742 aut

220 775 289 835 stet,
311 763 393 849 quod
418 783 503 828 mare
527 764 656 828 divisum
670 763 896 828 transeuntibus
912 764 970 828 iter
981 765 1141 851 praebeat.
1244 771 1245 774 ’

220 851 256 915 Ει
278 851 357 916 inter
380 851 456 916 baec
480 853 571 916 etiam
596 853 673 917 ordo
697 853 872 929 attenditur3
902 873 985 929 nam,
1022 867 1141 939 quanto
1246 929 1247 932 Ἴ

220 939 338 1024 majora
362 955 432 1006 sunt
469 941 519 1004 illa
549 961 629 1026 quae
664 941 747 1005 Deus
781 955 925 1026 operatur
957 956 987 1006 et
1021 957 1141 1028 quanto

219 1030 318 1112 magis
347 1044 418 1093 suut
441 1043 558 1094 remota
582 1052 598 1094 a
624 1029 764 1094 facultate
798 1043 937 1104 naturae,
967 1044 1051 1096 tanto
1079 1033 1140 1096 mi-

219 1117 357 1182 raculum
382 1117 480 1203 majus
503 1132 559 1193 est;
581 1120 659 1183 sieut
675 1117 773 1204 majus
790 1131 834 1182 est
851 1119 1033 1184 miraculum
1050 1120 1136 1205 quod

219 1205 265 1270 sol
289 1206 461 1271 retrocedat
485 1226 578 1291 quam
602 1207 684 1292 quod
709 1227 794 1272 mare
817 1207 977 1272 dividatur.

269 1293 446 1360 Secundum
471 1309 573 1360 autem
611 1296 740 1399 gradum
783 1297 814 1360 in
838 1297 994 1361 miraculis
1032 1311 1140 1362 tenent

219 1382 302 1447 illa
294 1403 325 1447 ιιι
349 1384 459 1468 quibus
484 1384 567 1449 Deus
590 1383 703 1470 aliquid
721 1384 791 1450 iacit
813 1377 1016 1468 quodbatura
1034 1385 1136 1451 lacere

207 1485 328 1558 potest,
353 1473 407 1536 sed
433 1493 495 1537 non
531 1473 696 1559 perillum
741 1474 893 1537 ordinem.
932 1471 1017 1560 Opus
1053 1475 1138 1540 enim

218 1573 346 1625 naturae
369 1575 414 1625 est
437 1561 521 1647 quod
545 1561 668 1646 aliquod
703 1561 817 1626 animal
840 1561 930 1641 vivat,
968 1562 1070 1628 uideat
1106 1578 1138 1628 et

221 1649 368 1724 ambulet;
393 1651 446 1714 sed
471 1651 554 1734 quod
580 1664 804 1736 postmortem
829 1651 918 1729 vivat,
947 1665 1014 1736 post
1037 1653 1139 1717 eaeci-

221 1750 314 1803 tatem
338 1737 448 1817 videat,
472 1753 540 1826 post
561 1739 750 1803 debilitatem
767 1739 894 1804 claudus
911 1740 1058 1818 ambulet,
1075 1741 1137 1806 boe

216 1839 325 1892 natura
347 1825 448 1891 facere
471 1848 533 1892 non
558 1841 667 1912 potest,
689 1827 743 1892 sed
768 1827 850 1892 Deus
885 1828 1042 1894 interdum
1078 1832 1137 1894 mi·

216 1914 356 1979 raculose
381 1928 534 2002 operatur.
554 1917 635 1980 luter
651 1917 728 1981 baec
750 1917 842 1981 etiam
856 1917 1002 1982 miracula
1019 1920 1137 2002 gradus
1246 1979 1247 2002 p

215 2003 379 2068 attenditur
403 2004 573 2069 secundum
599 2005 682 2089 quod
707 2005 738 2070 id
762 2005 846 2091 quod
870 2005 902 2070 lit
926 2007 1023 2090 tnagis
1046 2020 1093 2071 est
1118 2029 1137 2072 a

215 2089 361 2156 facultate
383 2107 510 2158 naturae
526 2109 692 2158 remotum.

281 2179 401 2246 Tertius
436 2195 539 2246 autem
574 2183 688 2266 gradus
722 2181 941 2246 miraculorum
977 2194 1022 2246 est
1060 2203 1135 2248 cum
1246 2197 1247 2232 ι

214 2267 297 2334 Deus
322 2267 391 2336 lacit
429 2271 512 2356 quod
549 2285 731 2336 consuetum
770 2285 816 2335 est
852 2269 916 2336 fieri
953 2272 1136 2357 operatione

213 2370 352 2459 ιιιιιιιιιθΞ
377 2371 478 2422 tamen
503 2359 618 2444 absque
643 2374 770 2423 naturae
807 2359 964 2445 principiis
999 2380 1136 2446 operan-

119 2463 120 2466 ’
213 2444 304 2523 tibus,
328 2447 404 2512 sicut
427 2467 498 2512 cum
522 2448 632 2534 aliquis
667 2447 793 2511 afebre
829 2449 961 2513 curabili
998 2469 1052 2533 per
1077 2471 1136 2514 na·

212 2546 312 2598 turam
336 2537 446 2600 virtute
469 2535 570 2601 divina
609 2550 744 2610 curatur,
783 2548 912 2602 etcum
955 2535 1031 2623 pluit
1065 2539 1136 2604 siue

195 2623 389 2708 ¹operatione
412 2624 632 2711 principiorum
656 2641 792 2690 naturae.

544 2799 798 2866 CAPUTCll.

299 2977 388 3058 Quod
407 2979 490 3042 solos
513 2977 596 3043 Deus
617 2989 717 3062 potest
738 2935 893 3046 miroeblu
927 2979 1039 3063 fucere.

273 3153 313 3218 Ειι
337 3155 513 3240 praemissis
537 3169 640 3220 autem
665 3156 783 3221 ostendi
807 3169 907 3272 potest
929 3155 1014 3242 quod
1038 3153 1123 3221 solus

206 3243 292 3307 Deus
316 3255 414 3329 potest
437 3242 537 3308 lacere
561 3245 722 3309 miracula

270 3331 361 3413 Quod
381 3333 463 3395 euim
487 3346 533 3398 est
556 3333 615 3398 sub
643 3333 752 3398 ordine
786 3331 917 3400 totaliter
928 3333 1127 3398 constitutum

257 3450 296 3520 (l)
320 3451 394 3519 Quod
411 3453 461 3504 duo
479 3469 586 3520 corpora
603 3456 657 3506 sint
675 3455 795 3518 simul,
787 3471 805 3506 ι.
823 3469 845 3506 e.
864 3453 934 3524 quod
944 3453 997 3507 duo
1016 3469 1125 3525 corpora

207 3523 329 3575 eumdem
347 3523 432 3574 locum
450 3523 526 3574 simul
546 3530 660 3576 teneant
