2494 3970
318 271 373 316 ma.
397 270 438 316 tn.
462 269 525 315 etr.
549 269 618 316 xvn.
642 270 678 313 rr
692 267 772 314 xvnr.
972 247 1013 314 17

100 339 187 406 nabis
209 350 335 426 propter
357 359 426 414 nos5
450 351 491 418 et,
513 340 538 406 si
562 337 677 425 aliquid
700 335 866 424 aliquando
889 351 1016 425 propter

99 429 194 496 atium
216 429 311 494 homa
333 426 435 507 faeiat,
458 428 518 494 hoa
541 427 674 492 retertur
695 427 727 490 in
762 426 878 494 bonum
923 445 1015 493 snum

98 519 145 583 vai
168 517 243 584 utile
258 517 305 583 rei
329 516 510 582 delectabile
532 517 581 581 vei
605 517 780 582 honestum.
804 515 889 582 Deus
911 530 1016 582 antem

96 620 142 672 εει
165 626 258 673 eausa
281 605 390 671 factiva
414 623 519 670 rernm
543 605 695 684 omnium,
718 605 925 690 quarumdam
948 606 1018 691 qni·

94 696 168 762 <iem
192 695 380 774 immediate,
402 693 608 782 quarumdam
640 707 743 758 antem
781 694 916 760 mediate
953 694 1018 759 sire

94 783 305 851 mediantibus
328 784 395 848 aliis
416 786 529 858 nausis,
553 797 586 848 ut
609 803 646 848 ex
669 783 846 869 praemissis
869 796 915 849 est
952 803 1018 848 ma·

94 873 253 938 niiestnm.
278 873 329 940 Est
350 873 444 957 igitur
464 873 595 960 ipsemet
618 872 687 937 finis
703 891 808 938 rernm
831 872 981 938 omnium.

163 961 338 1041 Praeterea,
369 962 452 1026 Finis
489 964 571 1026 inter
605 961 679 1026 alias
708 981 816 1028 causas
851 961 1020 1048 primatum

94 1050 226 1130 obtinet,
249 1063 279 1116 et
301 1050 342 1116 ab
364 1051 431 1138 ipso
454 1069 563 1116 omnes
587 1050 787 1115 siiaetausae
803 1049 919 1116 habent
934 1050 1019 1136 quad

92 1141 156 1204 sint
178 1158 291 1206 causae
313 1141 345 1204 in
369 1153 450 1217 aetu3
473 1159 568 1224 agens
591 1140 762 1204 enimnon
785 1141 848 1224 agit
870 1140 927 1205 nisi
947 1159 1019 1224 pro·

93 1243 165 1316 pter
188 1227 295 1309 finem,
310 1241 343 1293 ut
357 1242 516 1294 ostensum
533 1241 579 1294 est
602 1231 643 1310 (a.
667 1227 713 1312 11
736 1247 773 1293 ex
789 1241 901 1313 agente
916 1242 1018 1294 autern

93 1318 226 1385 materia
249 1319 282 1384 in
305 1331 408 1383 aetum
431 1317 551 1384 formae
585 1316 752 1392 reducitur-3
776 1317 859 1382 unde
890 1319 1019 1383 materia

93 1406 129 1471 fir
152 1422 224 1473 actu
247 1405 339 1492 hujus
363 1407 407 1472 rei
423 1408 563 1485 materia,
587 1418 617 1470 ει
642 1405 781 1470 similiter
804 1403 903 1470 farma
928 1405 1019 1492 hujus

94 1495 141 1560 rei
164 1495 267 1561 Forma
290 1497 520 1583 peractionem
544 1495 673 1578 agentis,
696 1507 728 1558 ει
750 1513 805 1580 per
827 1513 1020 1580 consequens

94 1604 153 1670 per
174 1584 282 1650 tinem.
306 1583 389 1649 Finis
420 1585 512 1650 etiam
549 1584 701 1668 posterior
734 1595 781 1647 est
809 1603 901 1648 causa
935 1583 1021 1668 quad

95 1673 287 1760 praecedens
310 1671 382 1738 tinis
404 1673 581 1738 intendatur
604 1685 637 1736 ut
659 1670 738 1750 finis,
759 1689 823 1736 non
847 1671 930 1736 enim
953 1692 1021 1737 me·

95 1777 188 1828 vetur
210 1761 326 1847 aliquid
349 1762 381 1826 in
404 1762 499 1828 finam
517 1761 691 1848 proximum
708 1760 767 1826 nisi
783 1775 909 1848 prepter
925 1760 1020 1827 finem

95 1865 303 1938 postremum.
327 1851 378 1916 Est
400 1851 493 1936 igitur
516 1850 586 1916 finis
613 1850 739 1915 saltimus
765 1850 865 1939 prima
880 1851 1021 1916 omnium

95 1959 203 2006 causa
226 1939 299 2006 Esse
316 1953 426 2004 autem
442 1941 574 2040 primam
591 1939 731 2004 omnium
754 1959 879 2004 eausam
896 1959 1022 2005 neeesse

96 2041 147 2094 est
170 2028 271 2116 primo
294 2029 356 2093 enti
379 2029 556 2102 convenire
581 2027 664 2113 qnod
686 2027 770 2094 Deus
794 2041 850 2107 est,
873 2043 906 2094 ut
929 2049 1021 2114 supra

94 2117 147 2203 (Ι.
172 2118 203 2197 1,
226 2137 252 2183 a
278 2117 319 2183 15
343 2129 375 2182 ει
407 2115 428 2182 1.
452 2117 533 2196 20
559 2117 626 2197 tn)
652 2130 813 2182 ostensum
848 2129 903 2182 εει
936 2117 1022 2182 Deus

95 2207 193 2292 igitur
215 2220 263 2272 est
283 2206 410 2272 ultimus
432 2207 573 2272 omnium
598 2204 675 2270 finis.

166 2294 244 2360 Hine
266 2295 418 2382 estquod
442 2295 564 2360 dieitur.
591 2293 741 2360 Universa
762 2280 893 2380 propter
915 2305 1024 2359 semet-

95 2383 202 2467 ipsam
224 2395 372 2469 aperattrs
395 2396 440 2450 εει
463 2384 625 2461 Dominae,
642 2383 731 2448 Frov.
758 2383 810 2463 16,
833 2383 867 2460 1,·
891 2397 930 2448 et:
958 2382 1025 2468 Epa

95 2493 169 2626 sapa
183 2473 341 2628 pqipiap3et
361 2493 479 2560 antepa,
498 2475 620 2558 primata
643 2483 673 2538 et
703 2473 897 2551 novissimas,
942 2472 1023 2560 Apo·

97 2582 159 2628 aa.
228 2611 237 2646 ‚
306 2611 313 2628 .

401 2699 575 2807 strar
612 2738 719 2808 xant.

151 2906 154 2911 ’
271 2917 430 3000 warado
453 2917 537 2984 Dens
559 2918 692 3007 11111111
713 2919 860 2986 amnium

168 3092 272 3160 Restat
306 3094 400 3180 igitur
432 3093 652 3181 inquirendum
687 3094 845 3198 querenda
879 3093 964 3160 Deus
987 3094 1025 3159 sit

102 3183 259 3338 orpnium
268 3183 349 3263 finis;
371 3184 461 3272 quad
483 3183 609 3270 quidem
633 3203 669 3249 ex
686 3185 862 3273 praemissis
885 3183 937 3251 fiet
960 3201 1026 3249 ma·

101 3293 133 3338 m
148 3285 326 3428 esstpmenim
351 3361 402 3448 (1)
424 3373 471 3428 εει
492 3360 619 3428 ultimus
642 3361 711 3430 finis
746 3361 886 3428 amnium
921 3381 1026 3427 rerum

103 3449 189 3549 quod
212 3464 316 3516 tamen
339 3467 385 3516 est
409 3452 492 3539 prius
515 3451 702 3520 omnibns
694 3471 727 3520 tn
765 3451 908 3566 essendo.
945 3450 1027 3516 Finis

53 3586 61 3598 ·
156 3553 209 3628 (1)
214 3554 344 3612 81111111
362 3562 412 3630 εει,
426 3558 521 3628 supple
539 3556 635 3619 Dans.
