2462 3968
223 233 287 298 ‘lib
511 251 566 298 tto.
591 254 632 298 ιιι.
656 251 718 297 ιιι.
743 253 839 297 urunt.

220 321 346 387 instituti
372 319 411 385 ad
434 322 644 400 serviendum,
667 323 745 386 siout
783 321 958 386 Aristoteles
995 320 1066 386 dicit
1105 320 1136 385 in

218 431 273 476 sua
296 409 432 487 Politian
455 411 504 475 eui
527 412 620 476 etiam
658 411 824 476 coneordat
861 410 1011 476 sententia
1048 409 1135 474 Salo-

217 501 328 580 monis,
351 500 404 586 qui
427 498 508 564 dicit:
535 499 595 580 Qni
628 501 741 564 stultns
774 511 822 564 est
843 500 957 564 onviet
991 499 1135 582 sapienti,

218 588 376 664 Proverb,
402 589 453 668 ii,
468 588 566 668 iiber
588 587 708 653 dieitur:
733 587 866 652 Provide
890 589 929 652 de
944 589 1027 652 omni
1047 586 1137 669 plebe

214 679 299 742 viror
335 678 489 762 sopientes
515 689 545 742 et
582 680 720 742 timentes
759 677 899 754 Deum...‚
937 678 990 761 qui
1016 677 1138 760 judicet

213 768 364 849 pontoium
386 767 470 830 omni
494 778 638 851 tempore,
672 765 778 840 Exod„
814 765 866 844 18,
900 766 1013 832 1111.
1052 765 1137 830 Siout

217 871 331 934 autern,
354 857 385 920 in
409 855 554 940 operibus
579 857 669 920 unius
693 857 839 932 bominis,
862 875 899 919 er
939 855 998 920 hoo
1021 853 1136 918 inordi-

136 937 141 948 ’
217 945 300 1009 natio
324 944 464 1032 provenit
486 943 569 1030 quod
594 944 765 1021 intellectus
788 943 962 1008 sensualem
993 943 1135 1008 virtutem

216 1033 365 1119 sequitur,
388 1035 536 1098 sensualis
560 1053 633 1098 vero
657 1037 751 1098 virtus
775 1045 901 1119 propter
916 1032 1054 1118 eorporis
1091 1033 1136 1095 in·

217 1122 449 1208 dispositione-nr
475 1122 605 1187 trahitur
628 1123 666 1188 ad
704 1122 842 1208 eorporis
880 1135 1010 1199 motum,
1048 1121 1136 1185 utin

217 1209 460 1276 claudicantibus
486 1226 624 1298 apparet,
648 1213 701 1289 ita,
724 1225 753 1275 et
766 1213 797 1274 in
822 1211 974 1294 regimine
987 1213 1138 1285 humano,

217 1299 403 1364 inordinatio
428 1302 567 1386 provenit
589 1320 626 1366 ex
650 1321 687 1366 eo
711 1299 793 1386 quod
830 1319 892 1363 nou
930 1313 1058 1385 propter
1094 1300 1136 1362 in·

217 1387 356 1454 tellectus
385 1389 660 1474 praeeminentiam
684 1389 792 1474 aliquis
830 1401 961 1474 praeest,
994 1388 1049 1452 sed
1090 1386 1135 1450 uei

155 1513 159 1518 -
216 1477 329 1542 robore
357 1477 508 1564 corporali
533 1478 705 1543 dominium
729 1477 786 1542 sibi
811 1490 937 1562 usurpat
951 1476 998 1540 vei
1010 1488 1136 1562 propter

215 1565 388 1631 sensualem
413 1565 608 1632 affectionem
632 1567 742 1652 aliquis
768 1564 807 1629 ad
845 1565 1017 1650 regendum
1045 1585 1135 1650 prae-

214 1655 327 1732 ficitur3
352 1659 572 1740 quamquidem
597 1654 855 1720 inordinationem
887 1674 946 1718 nee
984 1653 1133 1717 Salomon

215 1757 304 1823 tacet,
326 1745 378 1828 qui
401 1744 483 1808 dieit:
504 1745 561 1810 Est
581 1746 699 1810 mnium
714 1745 796 1829 qnod
810 1741 942 1808 oidieub
963 1744 1028 1807 soie
1044 1743 1136 1826 quasi

211 1853 270 1915 per
292 1851 428 1896 errorem
451 1835 652 1918 enredientn
687 1833 766 1917 socie
800 1833 961 1917 principie,
997 1833 1135 1915 positura

213 1921 341 1984 stultum
363 1921 395 1984 in
417 1922 566 2006 dionitote
581 1921 717 1998 sublimi,
742 1921 852 2000 boola,
874 1922 926 1999 to,
939 1920 1005 1985 5-6.
1022 1919 1135 2006 Hujus·

214 2011 298 2073 modi
322 2022 425 2074 autern
447 2011 632 2076 inordinatio
655 2011 790 2076 divinam
821 1969 1045 2096 providentiam
1070 2031 1133 2074 non
1219 2067 1220 2072 ,

214 2097 357 2175 molodia
382 2101 521 2192 provenit
542 2101 627 2165 enim
651 2119 688 2166 ex
715 2100 917 2186 permissione
933 2098 1046 2177 divina,
1061 2119 1133 2184 pro·

213 2200 281 2273 pter
312 2147 464 2252 dei'eetut'u
499 2188 680 2255 inferiorum
718 2188 887 2274 agentium,
924 2189 1002 2254 siout
1039 2201 1070 2251 et
1095 2187 1133 2251 da

214 2275 280 2340 oiiis
305 2275 395 2341 maiis
415 2280 558 2378 superius
581 2279 697 2348 dietum
721 2292 776 2342 est.
801 2276 907 2364 Neque
945 2296 999 2362 per
1023 2275 1133 2361 hujus·

214 2365 297 2430 modi
321 2365 579 2432 inordinationem
603 2357 736 2431 totaliter
772 2365 917 2430 naturalis
952 2364 1028 2430 ordo
1063 2386 1133 2452 per-

214 2455 350 2530 vertitur3
373 2473 445 2518 uam
476 2455 640 2522 stultorum
678 2455 850 2520 dominium
889 2453 1050 2518 infirmum
1086 2469 1132 2518 est

213 2543 269 2606 uisi
308 2543 480 2629 sapientum
515 2544 642 2610 oonsilio
678 2545 850 2609 roboretur.
886 2543 972 2608 Unde
1006 2542 1131 2608 dieitur:

215 2632 422 2717 Coqitotioner
454 2635 591 2698 consitiis
628 2632 825 2710 roborantur,
862 2643 891 2696 et
912 2631 1132 2718 nubernoenb'r

213 2722 378 2786 troetnnda
399 2732 468 2786 sunt
488 2721 578 2802 belin,
602 2722 759 2800 Proverb,
782 2722 836 2798 90,
861 2721 913 2800 t83
936 2735 975 2786 et:
1005 2719 1058 2784 Vir
1078 2741 1131 2785 sn-

207 2811 298 2892 piens
320 2811 410 2894 sortis
426 2823 481 2888 est3
504 2823 534 2875 et
555 2813 602 2876 vir
625 2813 733 2876 doetus
765 2811 910 2875 robustus
944 2822 974 2874 et
995 2810 1131 2887 validus,

210 2901 364 2981 quintum
386 2900 587 2984 dispositione
620 2902 717 2966 initur
752 2898 875 2977 boilum,
899 2911 929 2964 et
962 2901 1021 2964 erit
1043 2900 1131 2964 ouius

133 2983 136 2988 ’
210 2986 378 3052 ubimulta
400 2990 530 3054 conriiio
553 3001 636 3069 tunt,
655 2989 816 3067 ,Proverb.,
839 2988 892 3067 11,
916 2988 983 3054 5-6.
1007 2988 1042 3052 Et
1059 2989 1128 3072 quia

211 3077 476 3162 consiliansregit
499 3099 571 3144 euru
595 3079 647 3165 qui
670 3078 833 3144 consilium
868 3079 977 3164 arripit
1000 3091 1031 3140 et
1053 3096 1130 3162 quo·

210 3165 380 3231 dammodo
402 3167 655 3248 denominantur,
678 3167 789 3232 dieitur
828 3167 911 3252 quod
934 3185 1041 3232 rorone
1078 3185 1129 3228 to·
1210 3209 1213 3218 1

206 3255 296 3337 piens
318 3255 529 3321 dominabitur
549 3257 628 3342 siliis
650 3257 763 3334 stultit,
794 3253 951 3334 proverb,
977 3256 1029 3333 17,
1052 3255 1083 3318 i.

277 3342 363 3408 Patet
392 3365 466 3430 ergo
502 3345 586 3432 quod
620 3344 723 3410 diviua
758 3345 949 3446 providentia
986 3343 1127 3408 omnibus

209 3431 302 3496 rebus
327 3433 498 3498 ordinem
490 3435 632 3520 imponit,
656 3449 688 3500 ut
711 3435 754 3499 sie
779 3451 886 3498 uerum
910 3435 949 3499 sit
971 3432 1054 3519 quod
1081 3431 1126 3494 di-

209 3519 249 3583 oit
272 3521 445 3605 Apostolus.
470 3521 556 3600 Quor
590 3535 693 3590 autern
716 3533 798 3601 eunt,
820 3541 840 3586 o
878 3521 943 3587 Deo
981 3522 1126 3586 ordinata

209 3617 290 3685 sunt,
313 3607 400 3672 Rom.
426 3608 478 3686 15,
503 3610 531 3673 1.
