2514 3972
436 245 492 290 ιιι.
515 244 559 290 ιιι.
581 243 646 288 cta.
671 242 769 289 cxxru.
980 222 1045 288 577

122 334 252 382 uxorem
277 326 307 380 et
330 325 452 400 patrem
476 325 506 380 ct
529 327 661 380 matrem
696 309 830 388 dimittit,
864 321 898 376 ιιι
935 307 1048 378 dicitur

123 404 155 470 in
180 404 291 470 Genesi
315 405 346 482 t,
369 402 422 469 ll.
447 401 671 468 inconveniens
694 415 740 468 est
760 402 853 489 igitur
875 398 959 488 quod
981 419 1049 466 ma-

122 493 304 560 trimonium
327 492 366 559 sit
390 491 518 558 omnino
542 489 732 558 dissolubile.

189 581 323 648 Ulterius
346 593 450 646 autem
475 580 736 646 considerandum
760 591 805 644 est
840 577 935 665 quod,
968 575 1049 642 inter

122 671 282 738 naturales
307 683 404 749 actus,
427 668 491 734 sola
515 669 673 754 generatio
697 668 735 734 ad
748 667 865 734 bonum
882 685 1050 732 commune

124 760 297 838 ordinatum
322 779 393 824 nam
418 758 568 824 comestio
591 771 622 824 et
646 757 775 824 aliarum
798 756 1047 843 superfluitatum

124 849 250 916 emissio
272 847 312 912 ad
347 845 540 913 individuum
579 849 745 933 pertinent,
778 845 936 932 generatio
973 864 1050 910 vcro

124 939 164 1006 ad
187 937 451 1004 conservationem
474 936 597 1022 speciei.
623 935 721 1014 Unde,
743 955 814 1002 cum
838 935 887 1002 lex
910 933 1048 1000 institua-

124 1043 176 1095 tur
198 1025 237 1092 ad
260 1025 379 1092 bonum
415 1045 594 1104 commune,
630 1045 666 1090 ea
704 1044 784 1110 quae
818 1024 972 1112 pertinent
1010 1021 1049 1086 ad

125 1115 359 1202 generationem
388 1113 484 1202 prolis
522 1126 642 1200 oportet
681 1113 801 1200 legibus
839 1112 985 1191 ordinari,
1020 1124 1050 1176 ct

126 1206 239 1272 diuinis
258 1218 288 1270 ct
323 1201 477 1270 humanis.
516 1201 612 1288 Leges
650 1215 753 1268 autem
777 1203 895 1289 positae
929 1212 1052 1289 oportet

125 1295 210 1382 quod
233 1314 269 1360 ex
294 1292 425 1358 naturali
449 1292 593 1358 instinctu
628 1293 808 1378 procedant,
846 1292 871 1358 si
894 1292 1050 1358 humanae

127 1398 210 1461 suut,
232 1383 310 1448 sicut
333 1395 364 1446 et
386 1382 417 1448 iu
443 1381 578 1446 scientiis
601 1380 848 1448 demonstrativis
875 1381 976 1446 omnis
990 1379 1049 1444 ltu·

81 1475 84 1488 '
126 1493 219 1539 mana
262 1470 399 1536 inventio
438 1489 476 1534 ex
510 1469 666 1556 principiis
704 1469 884 1536 naturaliter
920 1467 1050 1554 cognitis

126 1562 249 1628 initium
273 1559 378 1638 sumit;
400 1559 425 1624 si
450 1571 553 1623 autem
578 1558 699 1624 divinae
726 1571 808 1638 sunt,
846 1577 909 1626 non
948 1555 1049 1624 solum

126 1651 304 1718 instinctum
328 1661 457 1714 naturae
491 1647 655 1734 explicent,
689 1648 744 1714 sed
782 1647 875 1714 etiarn
913 1648 1051 1714 delectus

124 1739 274 1806 naturalis
300 1737 461 1803 instinctus
485 1736 641 1824 supplent,
664 1737 789 1802 sicutca
803 1757 882 1824 quac
906 1735 1051 1804 diuinitus

125 1828 304 1895 revelantur
326 1837 474 1913 superant
496 1825 645 1892 naturalis
677 1826 803 1892 rationis
840 1828 1050 1914 capacitatem.

126 1916 206 1984 Cum
230 1917 322 2001 igitur
345 1914 505 1980 instinctus
531 1915 677 1980 naturalis
700 1915 779 1984 sitia
796 1916 898 2002 speeie
913 1917 1051 1984 humana

126 2006 168 2072 ad
192 2007 251 2072 hoc
273 2003 357 2092 quod
380 2001 556 2089 conjunctio
583 2005 679 2070 maris
703 2017 733 2070 et
772 2003 906 2070 feminae
940 2007 979 2072 sit
1001 2005 1049 2070 in·

126 2095 253 2161 diuidua
277 2107 306 2158 et
330 2093 413 2180 quod
437 2092 475 2158 sit
498 2113 559 2158 una
574 2093 677 2172 unius,
691 2096 826 2180 oportuit
841 2094 1053 2181 hoclegehu·

124 2204 219 2250 mana
243 2183 417 2250 ordinatum
441 2201 518 2246 esse.
542 2179 604 2246 len
627 2197 730 2248 autem
760 2181 863 2248 diviua
901 2202 1050 2270 superna·

126 2273 258 2340 turelem
281 2271 447 2356 quamdam
472 2269 623 2334 rationem
637 2271 813 2356 apponitex
828 2271 1052 2355 significatione

128 2361 342 2448 inseparabilis
366 2358 592 2443 conjunctionis
615 2357 726 2424 Christi
750 2373 781 2426 et
804 2360 971 2444 Ecclesiae,
992 2379 1052 2447 qua

128 2463 176 2516 est
198 2471 259 2514 una
282 2450 384 2514 unius.
409 2447 459 2514 Sic
483 2446 576 2532 igitur
598 2447 840 2516 inordinationes
856 2452 1051 2518 circaactum

128 2539 337 2625 generationis
349 2558 412 2604 non
436 2536 536 2602 solum
562 2537 719 2602 instinctui
744 2539 874 2605 naturali
891 2551 1053 2626 repugnat,

128 2627 185 2695 sed
208 2627 300 2692 etiam
323 2626 407 2712 leges
431 2625 548 2692 diuinas
565 2639 595 2690 et
611 2626 763 2692 humanas
776 2627 1053 2714 transgrediuntun

126 2716 212 2782 unde
235 2737 272 2781 ex
289 2716 348 2781 hoc
360 2716 452 2781 etiam
469 2715 567 2800 magis
586 2715 665 2780 circa
679 2715 738 2779 lroc
751 2731 895 2802 peccatur
910 2738 948 2784 ex
971 2717 1054 2782 inor·

130 2805 288 2872 clinatione
321 2823 415 2891 quam
453 2805 533 2870 circa
565 2804 774 2890 sumptionem
808 2805 867 2870 cibi
891 2817 944 2872 aut
981 2805 1054 2871 alte·

131 2896 196 2962 rius
219 2891 409 2980 hujusmodi.
433 2891 511 2973 Quia
536 2912 609 2956 vero
633 2913 760 2960 necesse
783 2906 830 2960 cst
852 2893 891 2958 ad
914 2893 947 2959 id
970 2893 1055 2981 quod

133 2996 182 3050 est
205 2983 357 3069 optimum
381 2981 413 3046 in
437 2980 563 3045 homine
587 2980 645 3046 alia
669 2983 774 3050 omnia
812 2982 949 3048 ordinari
983 3003 1056 3048 con·

130 3071 249 3158 junctio
272 3069 367 3135 maris
389 3083 420 3134 et
444 3068 577 3133 feminae
600 3090 662 3134 nou
687 3071 855 3137 solumsic
890 3085 936 3137 est
972 3071 1056 3136 ordi·

134 3174 205 3226 nata
228 3159 349 3245 legibus
370 3157 541 3226 seeundum
554 3157 637 3244 quod
654 3159 692 3222 ad
710 3161 829 3245 prolem
846 3158 1055 3244 generandam

134 3248 277 3336 pertinet,
300 3260 334 3314 ut
356 3261 402 3312 est
425 3247 456 3311 in
480 3246 547 3312 aliis
571 3247 767 3328 animalibus,
801 3248 856 3315 sed
894 3248 986 3314 etiam
1010 3250 1078 3315 sol

136 3336 274 3404 cundum
298 3335 547 3423 quod‘convenit
572 3334 609 3400 ad
634 3335 733 3402 bonos
756 3357 870 3417 mores,
885 3357 963 3424 quos
980 3337 1058 3404 ratio

135 3439 219 3497 recta
244 3423 389 3511 disponit,
413 3425 461 3490 vel
483 3436 632 3510 quantum
657 3425 696 3490 ad
712 3425 1058 3492 hominemsecundum

135 3533 180 3597 sc,
204 3513 253 3582 rel
276 3513 447 3580 secundum
469 3512 553 3601 quod
576 3513 673 3580 homo
695 3528 741 3582 est
765 3535 835 3606 pars
868 3515 1058 3583 domesticae
