2462 3968
383 232 439 277 ura.
465 233 507 276 tu.
531 231 594 277 ear.
619 229 714 274 lxxiv.
970 215 1036 280 915

103 319 211 366 unam
234 299 320 365 alteri
343 300 530 387 quandoque
552 317 750 376 concurrere,
783 317 955 385 perquam
978 304 1037 368 im-

103 388 257 476 pediatur
280 389 327 454 vel
347 388 472 474 juvetur
495 389 533 454 ad
556 409 648 454 suum
683 387 826 452 ellectum
862 389 1036 475 producen-

105 478 202 544 dum.
226 478 268 543 Ex
304 498 457 544 concursu
495 492 598 544 autem
633 477 765 542 duarum
803 497 966 546 causarum
991 483 1037 548 rel

106 567 253 654 plurium
276 567 426 653 contingit
450 567 566 653 aliquid
589 564 752 632 casualiter
786 567 921 646 evenire,
960 568 1037 636 dum

107 656 187 721 finis
210 676 272 721 non
296 657 429 722 intentus
450 677 487 722 cx
512 675 663 721 concursu
687 653 815 739 alicujus
838 676 948 722 causae
965 679 1037 744 pro-

109 746 215 821 venit3
239 745 317 811 sicut
339 745 475 811 inventio
499 744 645 810 debitoris
684 743 723 810 ab
758 764 796 810 eo
820 745 872 830 qui
896 747 957 812 ibat
997 748 1047 840 adx

110 833 233 912 lorum,
255 853 347 898 eausa
370 833 495 899 emendi
518 833 645 920 aliquid,
658 834 798 920 provenit
821 853 857 900 ex
871 834 929 900 hoo
952 837 1037 922 quod

113 923 243 988 debitor
265 923 357 988 etiam
382 924 420 987 ad
445 922 546 988 lorum
575 923 667 988 venit.
691 921 776 988 Non'
797 937 843 988 est
866 924 958 1008 igitur
992 925 1037 990 di·

108 1011 205 1076 vinae
243 1011 454 1097 providentiae
488 1013 678 1078 contrarium
714 1010 797 1098 quod
835 1012 895 1076 sint
933 1013 1034 1102 aliqua

109 1099 241 1166 fortuita
264 1113 295 1165 et
317 1101 452 1166 casualia
475 1101 506 1165 in
530 1100 635 1166 rebus.

183 1189 270 1267 leem,
285 1190 375 1271 Quod
389 1211 451 1256 non
464 1203 511 1254 est
524 1211 586 1254 non
599 1201 776 1276 potestesse
791 1187 919 1278 alicujus
932 1210 1037 1269 causa;

114 1277 203 1343 unde
239 1292 359 1366 oportet
382 1280 465 1364 quod
490 1281 745 1364 unumquodque,
775 1280 853 1344 sicut
887 1298 921 1342 se
944 1279 1038 1346 habet

113 1368 156 1432 ad
181 1387 259 1441 esse,
283 1370 324 1431 ita
347 1387 380 1432 se
403 1367 516 1432 habeat
538 1367 577 1430 ad
602 1370 661 1432 hoo
691 1365 775 1452 quod
809 1365 847 1431 sit
870 1387 971 1433 causa.
996 1367 1037 1434 0-

113 1469 219 1543 portet
241 1457 333 1541 igitur
355 1457 448 1543 quod,
472 1455 643 1522 secuudum
678 1455 885 1520 diversitatem
920 1457 1037 1524 ordinis

113 1547 148 1612 in
172 1545 307 1623 entibus,
329 1545 367 1610 sit
390 1546 548 1612 diuersitas
587 1546 680 1610 etiam
703 1543 821 1616 ordinis
857 1545 889 1608 in
927 1548 1037 1612 causis.

114 1633 163 1700 Ad
186 1633 405 1720 perfectionem
431 1648 534 1699 autem
558 1655 663 1698 rerum
688 1633 853 1718 requiritur
876 1634 959 1719 quod
973 1657 1036 1700 non

114 1723 217 1789 solum
241 1725 302 1788 sint
325 1725 355 1788 in
380 1723 472 1788 rebus
496 1724 577 1787 entia
601 1742 721 1808 perse,
744 1721 799 1786 sed
822 1721 915 1787 etiam
954 1725 1036 1792 entia

115 1832 174 1899 per
198 1811 351 1890 accideus;
373 1833 422 1878 res
445 1813 527 1877 enim
552 1833 631 1898 quae
666 1832 729 1876 nou
764 1809 878 1876 habent
916 1811 947 1877 in
980 1834 1036 1878 sua

118 1901 286 1966 substantia
310 1901 450 1966 ultimam
474 1900 695 1988 perfectionem
724 1913 844 1987 oportet
859 1901 942 1986 quod
967 1923 1036 1989 per·

117 1990 283 2055 sectionem
323 1991 457 2075 aliquam
496 2003 723 2075 consequantur
766 2009 820 2075 per
858 1990 1037 2070 accidentia,

117 2093 148 2144 et
171 2092 255 2144 tanto
279 2099 335 2166 per
357 2079 444 2166 plura
468 2080 519 2166 (l)
542 2092 658 2164 quanto
681 2078 779 2162 magis
804 2077 894 2142 aDei
919 2080 1038 2165 simpli-

117 2169 207 2233 citate
230 2168 353 2233 distant.
377 2168 419 2233 Ex
442 2169 502 2234 hoc
525 2180 629 2232 autem
652 2167 736 2253 quod
771 2166 897 2252 aliquod
934 2169 1038 2252 subje-

117 2270 201 2322 ctum
222 2256 316 2323 habet
339 2257 434 2322 multa
457 2256 637 2335 accidentia,
652 2255 791 2340 sequitur
808 2255 890 2341 quod
922 2257 960 2321 sit
983 2256 1039 2322 ali-

117 2345 200 2432 quod
224 2367 279 2411 ens
302 2365 358 2432 per
380 2345 533 2422 accidens3
557 2366 629 2410 nam
653 2343 828 2430 subjeetum
849 2357 880 2408 et
895 2345 1038 2412 accidens

119 2448 150 2499 et
172 2435 264 2500 ctiam
288 2434 350 2500 duo
373 2433 541 2500 accidentia
565 2435 656 2500 unius
679 2433 809 2520 subjecti
846 2447 918 2500 sunt
942 2456 1038 2502 unum

74 2587 77 2592 .
117 2543 174 2610 per
196 2523 347 2600 accidens,
370 2525 448 2590 sicut
471 2524 567 2588 homo
591 2523 679 2589 albus
702 2536 733 2588 et
755 2522 909 2588 musicum
933 2523 1039 2590 album

118 2612 180 2696 (⁶2).
202 2610 332 2698 Oportet
354 2613 446 2697 igitur
484 2613 523 2676 ad
557 2609 779 2698 perlectionem
813 2631 918 2676 rerum
954 2613 1039 2699 quod

117 2700 178 2764 sint
198 2701 290 2766 etium
313 2701 466 2786 quaedam
489 2721 600 2765 causae
624 2721 678 2786 per
711 2699 864 2764 accidens.
903 2700 943 2764 lla
983 2723 1039 2768 au·

117 2801 180 2854 tem
203 2799 282 2876 quae
305 2811 342 2854 ex
365 2791 464 2856 causis
498 2790 651 2875 aliquibus
686 2787 858 2876 procedunt
882 2810 936 2876 per
960 2792 1039 2855 acci-

117 2878 360 2944 denediountur
384 2878 564 2944 occideres
589 2899 661 2944 casu
686 2878 733 2944 vel
759 2898 775 2942 a
816 2875 1039 2946 torinneium

117 2979 164 3032 est
185 2966 276 3050 igitur
299 2981 403 3032 eontra
428 2967 580 3032 rationem
606 2966 828 3052 providentiae,
867 2987 946 3052 quae
970 2989 1039 3054 per-

117 3054 280 3208 leqtipuem
304 3077 409 3122 rerum
423 3069 606 3135 conservet,
630 3068 662 3120 ut
685 3055 787 3140 aliqua
811 3054 885 3120 fiant
902 3055 949 3122 rel
967 3077 1041 3124 casu

118 3164 154 3208 ve
200 3159 320 3211 ortuna.

174 3297 214 3366 (ll
233 3300 330 3371 Supple
348 3302 500 3356 occidentia.

173 3369 212 3434 (ᾖ)
230 3369 360 3426 diuulsum
377 3374 474 3438 album,
493 3371 510 3422 i.
529 3387 553 3422 e.
572 3370 686 3422 musicus
705 3368 789 3422 albus.
807 3368 936 3422 Neutrum
960 3387 1042 3440 genus

124 3440 271 3509 adhibetur,
290 3445 360 3513 quia,
378 3461 439 3497 cum
457 3442 558 3498 accidat
577 3441 675 3494 homini
705 3456 761 3494 esse
787 3441 897 3505 musico,
926 3444 1043 3498 accidens

123 3512 192 3566 istud
207 3515 367 3585 exprimitur
384 3531 432 3587 per
450 3531 533 3585 genus
552 3521 683 3568 neutrum.
