2514 3972
160 241 163 246 ·
238 222 304 288 992
472 243 527 288 un.
552 221 593 287 tit.
618 205 681 288 cnr.
704 244 769 288 xcv.
796 244 831 288 nr
854 243 928 289 retr.

236 308 357 376 tionalis
380 324 548 389 creaturae,
571 332 651 398 qnae
674 311 895 398 perfectissime
927 309 1062 376 divinam
1098 309 1159 378 bo·
1237 306 1253 330 “

234 400 361 464 nitatem
378 401 537 487 participat
560 401 639 466 inter
661 417 798 467 caeteras
825 414 989 466 creaturas.
1012 399 1075 466 Sue
1099 421 1158 466 au·

234 503 296 554 tem
320 488 460 554 uoluntas
483 503 529 555 cst
552 489 771 576 perfectissima
795 511 887 556 causa
916 509 1032 567 rerum;
1054 503 1103 554 est
1126 509 1158 554 e·

233 577 299 642 nim
323 598 415 642 causa
437 599 544 643 rerum
561 599 617 664 per
639 599 727 644 suom
752 579 952 656 voluntatem,
989 591 1022 642 ιιι
1058 598 1157 664 supra

233 667 282 752 (c.
307 664 373 749 ll)
398 681 555 732 ostensum
579 681 634 732 est.
658 669 702 746 Ad
727 667 896 734 bonitatem
912 669 1004 750 igitur
1015 665 1156 732 divinem
1254 711 1255 752 ᾗ

137 754 142 764 ’
233 757 366 841 pertinet
389 769 421 820 ut
449 756 574 844 impleat
610 756 763 823 desideria
797 756 952 822 rationalis
990 769 1156 822 creaturae
1254 761 1256 784 ³

232 843 290 909 sibi
314 863 369 929 per
391 845 563 910 orationem
587 847 751 932 proposita.

298 932 470 1013 Praeterea,
492 933 614 998 Bonum
641 948 800 999 creaturae
839 933 1010 998 derivatum
1034 945 1082 997 est
1104 953 1156 998 se-

201 1021 371 1086 scundum
395 1023 562 1107 quamdam
579 1023 811 1088 similitudinem
835 1045 852 1087 a
875 1023 1011 1088 bonitate
1035 1021 1153 1086 divina.

232 1108 296 1175 lloe
318 1123 422 1176 autem
457 1113 590 1176 maxime
619 1111 867 1178 commendabile
904 1111 934 1175 in
973 1110 1156 1176 hominibus

230 1213 358 1285 apparet
383 1211 416 1264 ut
436 1199 518 1285 juste
534 1201 706 1287 petentibus
730 1221 889 1266 assensum
914 1220 976 1263 non
993 1199 1153 1284 denegent

231 1307 268 1350 ex
292 1287 350 1353 hoc
373 1289 455 1352 enim
478 1303 625 1354 vocantur
647 1289 799 1367 liberales,
821 1289 1000 1365 clementes,
1029 1288 1152 1352 miseri-

229 1375 338 1442 cordes
354 1389 384 1441 et
407 1378 458 1464 pii.
482 1377 612 1442 Maxime
633 1379 725 1462 igitur
749 1379 868 1444 licead
893 1378 1027 1442 divinam
1062 1377 1155 1442 boui-

230 1477 323 1530 tatem
345 1468 477 1551 pertinet
500 1481 532 1531 ut
555 1468 797 1553 plasmationes
818 1467 970 1532 exaudiat.

295 1554 372 1620 Hinc
394 1555 545 1640 estquod
568 1556 688 1620 dicitur:
718 1556 909 1620 Voluntatem
932 1554 1104 1618 timentium
1118 1575 1153 1619 sc

229 1642 335 1725 faciet,
359 1655 389 1710 et
410 1645 656 1727 deprecationem
679 1665 784 1710 eorum
808 1646 962 1723 exaudiet,
987 1654 1016 1707 et
1043 1644 1151 1707 saluos
1255 1705 1256 1712 ,

228 1731 323 1814 societ
347 1753 408 1810 eoa,
432 1733 556 1811 psalm,
580 1734 656 1812 ill,
680 1734 731 1815 193
754 1747 784 1799 et
806 1733 958 1800 Dominus
996 1732 1079 1796 dicit:
1107 1732 1151 1796 0-

226 1823 375 1905 mrn'sqm'
392 1823 472 1905 petit
501 1823 677 1907 accipitet
708 1824 762 1908 qui
794 1825 916 1908 quaerit
951 1821 1078 1899 inuenit,
1117 1832 1148 1886 et

223 1911 365 1991 pulcanti
385 1911 554 1996 aperietur,
577 1911 681 1976 Matth.
705 1912 736 1991 7,
759 1911 789 1977 8.
860 1906 863 1913 ’

534 2079 626 2155 cat>
640 2088 703 2154 UT
727 2087 830 2156 xcvi.

457 2265 547 2348 Quod
566 2267 728 2350 petitiones
751 2268 906 2331 orantium
957 2280 961 2287 '

386 2373 446 2420 ooo
469 2375 590 2441 semper
612 2357 819 2421 admittuntur
854 2356 972 2422 aneo.

289 2530 355 2596 Non
379 2546 424 2597 est
447 2546 549 2600 autem
573 2533 792 2599 inconveniens
816 2533 841 2597 si
878 2531 1065 2618 quandoque
1088 2553 1145 2620 pe-

223 2618 344 2685 titiones
368 2621 522 2686 orantium
539 2643 601 2687 non
625 2623 824 2688 admittantur
846 2641 863 2684 a
888 2621 963 2686 lleo.

288 2709 329 2775 Ea
351 2715 434 2776 enim
470 2712 589 2776 ratione
615 2726 772 2777 ostensum
810 2725 855 2775 est
888 2711 939 2796 (c.
963 2709 1022 2794 et)
1057 2710 1143 2796 quod

221 2795 305 2863 Deus
343 2799 495 2864 desideria
529 2800 685 2865 rationalis
719 2812 878 2864 creaturae
911 2798 1058 2884 adimplet
1094 2799 1142 2862 in·
1253 2819 1254 2882 3

220 2899 369 2972 quantum
393 2888 547 2954 desiderat
571 2890 698 2954 bouum.
722 2887 916 2973 Quandoque
938 2902 1041 2952 nutem
1065 2907 1139 2952 con·
1253 2943 1254 2947 ,

220 2977 309 3061 tingit
330 2978 413 3063 quod
436 2976 467 3042 id
489 2979 571 3063 quod
588 2977 700 3064 petitur
722 2997 785 3042 nun
809 2991 854 3042 est
878 2997 983 3042 verum
1020 2977 1139 3044 bonum

217 3067 272 3128 sed
295 3085 456 3152 apparens,
481 3067 660 3154 simpliciter
682 3080 785 3131 autem
826 3064 953 3131 malum.
992 3064 1060 3130 Non
1091 3079 1138 3130 est

216 3152 309 3238 igitur
332 3155 398 3220 talis
419 3155 516 3220 aretio
539 3177 556 3220 a
579 3155 646 3220 Deo
669 3155 860 3220 exaudibilis.
883 3154 960 3219 llinc
982 3168 1028 3218 est
1051 3155 1136 3240 quod

216 3243 336 3308 dicitur:
360 3243 469 3308 Petitis
491 3256 521 3309 et
542 3265 603 3309 nort
623 3246 765 3329 accipitis
786 3265 821 3309 eo
855 3243 937 3329 quod
969 3243 1052 3308 mole
1079 3263 1136 3326 pc·

216 3333 299 3408 tntis,
321 3333 438 3411 lami,
462 3333 513 3399 15.

279 3419 424 3487 Similiter
446 3437 559 3502 eutem,
582 3442 619 3487 ex
642 3423 700 3487 hoc
737 3422 820 3509 quod
856 3421 940 3486 Deus
978 3419 1016 3486 ad
1053 3419 1137 3486 desi·

212 3508 343 3574 randum
367 3525 479 3593 movet,
502 3525 659 3579 ostensum
697 3526 742 3580 est
776 3513 818 3600 (c.
842 3511 900 3598 et)
938 3509 1129 3578 conveniens

1237 176 1249 283 l
