2516 3968
237 256 302 323 ddi
556 279 612 324 arn.
637 280 679 324 nr.
703 279 767 325 car.
785 280 830 326 cu.

238 349 289 433 qui
329 343 472 411 dicebant
505 346 687 433 hujusmodi
723 350 872 414 auxilium
900 361 1025 436 propter
1048 349 1163 415 merita

238 436 327 501 nohis
350 434 427 515 dari,
450 447 481 500 et
510 437 594 522 quod
618 437 844 522 justificationis
880 451 1001 504 nostrae
1033 439 1162 506 initium

238 545 275 591 cx
298 523 387 591 nobis
409 523 458 605 sit,
481 527 709 592 consummatio
729 541 834 593 autern
858 546 876 592 a
898 527 978 594 Deo.

545 701 729 769 CAPUT
767 703 824 770 CL.

292 879 382 962 Qtou
397 881 596 966 praedictum
618 881 771 947 cecilium
791 881 897 968 pratia
916 881 1116 964 acuminatur,l

392 971 520 1056 etquid
540 972 583 1034 eit
601 975 707 1055 pretio
727 983 850 1057 protum
878 971 1008 1055 sumne.

302 1147 381 1232 Quia
404 1167 478 1212 uero
501 1147 561 1212 hoc
583 1145 668 1233 quod
690 1147 781 1213 datur
809 1147 898 1212 slieni
933 1146 1051 1236 absque
1089 1152 1155 1216 suis

234 1239 352 1303 meritis
375 1235 633 1324 praecedentibus
654 1238 751 1320 gratis
773 1237 801 1302 ei
824 1236 935 1302 dicitur
968 1236 1046 1316 dari,
1079 1259 1153 1306 cum

235 1326 372 1392 divinum
386 1326 533 1391 auxilium
557 1325 675 1389 homini
705 1327 874 1391 exhibitum
892 1345 985 1390 omne
1005 1328 1155 1394 meritum

234 1416 407 1481 humanum
428 1414 615 1501 praeveniat,
637 1425 670 1477 ut
693 1429 850 1480 ostensum
874 1426 931 1492 est,
954 1418 1156 1502 consequitur

233 1503 317 1590 quod
341 1504 401 1570 hoc
424 1503 572 1569 auxilinm
595 1502 713 1567 lromini
738 1505 831 1589 gratis
854 1504 1051 1588 impendatur
1067 1519 1100 1570 et
1116 1527 1154 1572 cx

234 1593 294 1660 hoc
314 1594 533 1660 convenienter
555 1593 671 1676 gratiae
692 1613 809 1658 nomen
831 1593 992 1678 acceperit3
1015 1594 1100 1659 unde
1124 1609 1156 1661 et

234 1683 396 1767 Apostolus
419 1682 501 1747 dicit:
527 1679 579 1746 st.
598 1681 711 1766 pretio,
726 1683 798 1766 jum
833 1703 895 1746 non
922 1701 960 1746 en
996 1683 1155 1766 operibus

234 1772 382 1855 alioquin,
403 1772 508 1857 pretio
516 1774 588 1854 jam
609 1789 671 1834 uon
693 1772 875 1856 surpatio,
898 1769 998 1848 lton„
1022 1772 1075 1850 ll,
1099 1773 1132 1838 6.

300 1859 351 1925 Est
373 1873 475 1926 autem
499 1872 531 1924 et
552 1860 610 1924 alia
634 1859 713 1925 ratio
734 1873 860 1946 propter
882 1879 976 1945 quam
1014 1861 1153 1947 praedic·

233 1963 299 2013 tum
322 1949 377 2012 Dei
401 1947 549 2012 auxilium
572 1948 688 2033 gratiae
720 1968 835 2012 nomen
870 1948 999 2035 accepit.
1033 1949 1154 2015 Dicitur

233 2036 317 2101 enim
340 2038 450 2123 aliquis
472 2036 561 2102 alicui
597 2056 666 2101 esse
700 2052 815 2121 gratus,
847 2037 918 2122 quia
954 2051 1000 2103 est
1033 2039 1060 2103 ei
1110 2039 1156 2104 di·

233 2125 340 2204 lectus;
363 2125 446 2192 unde
470 2139 499 2191 et
522 2123 574 2212 qui
599 2125 637 2190 ab
662 2125 765 2211 aliquo
788 2125 931 2209 diligitur
951 2125 1062 2192 dicitur
1085 2147 1155 2212 gra·

233 2216 307 2280 tiam
331 2213 397 2301 ejus
420 2214 544 2280 habere.
569 2214 619 2278 Est
643 2229 746 2278 eutem
769 2214 809 2278 de
836 2215 957 2279 ratione
980 2215 1154 2282 dilectionis

232 2317 266 2368 ut
281 2304 411 2388 diligens
435 2305 553 2369 bonurn
576 2303 686 2368 velitei
710 2323 803 2389 quem
836 2303 935 2388 diligit
950 2316 981 2368 et
996 2319 1153 2392 operetur,

232 2406 262 2456 et
285 2393 411 2478 quidem
435 2393 518 2458 Deus
536 2392 616 2458 bona
641 2391 703 2456 vult
716 2406 747 2456 et
767 2405 913 2478 operatur
927 2392 1007 2457 eirca
1023 2415 1151 2459 ornnem

232 2493 417 2559 creaturanu
442 2482 542 2567 ipsum
573 2482 656 2546 enim
690 2500 758 2544 esse
791 2495 951 2546 creaturae
981 2495 1013 2547 et
1049 2484 1151 2548 omnis

232 2569 299 2654 eius
322 2568 470 2656 perfectio
492 2584 537 2634 est
561 2590 578 2634 a
601 2570 668 2634 Deo
693 2570 819 2634 volente
852 2583 883 2634 et
922 2585 1080 2655 operante,
1118 2585 1151 2636 ut

234 2679 326 2745 supra
350 2659 385 2743 (l.
411 2660 439 2736 l,
463 2679 488 2724 c.
511 2659 554 2724 29
577 2671 607 2722 et
630 2659 683 2736 50,
707 2673 737 2723 et
760 2659 779 2722 l.
804 2659 835 2737 ἢ,
858 2679 885 2724 c.
911 2659 968 2743 15)
990 2675 1150 2726 ostensum

234 2761 291 2826 est;
315 2747 398 2812 unde
420 2747 540 2812 dieitur:
564 2747 677 2832 Dilipia
699 2749 804 2812 omniu
819 2767 899 2833 quae
919 2759 1001 2826 sunt,
1023 2760 1053 2813 et
1071 2750 1153 2814 ntttt

225 2838 330 2902 odisti
345 2857 451 2902 eorum
465 2857 543 2922 quae
554 2836 664 2920 fecisti,
687 2836 835 2922 Sap.‚‘ll,
850 2838 902 2902 95.
926 2835 988 2900 Sed
1011 2838 1153 2924 specialis

233 2928 312 2990 ratio
336 2925 456 2990 divinae
479 2925 649 2990 dilectionis
672 2925 710 2990 ad
734 2925 801 2990 illos
813 2925 1150 3012 consideraturquibus

233 3014 379 3079 auxilium
404 3013 531 3100 praebet
553 3014 592 3078 ad
616 3013 675 3079 hoc
691 3015 775 3100 quod
790 3029 1017 3101 consequantur
1031 3014 1151 3080 bonum
1239 3089 1240 3096 ἵ

230 3102 314 3188 quod
339 3103 479 3167 ordinem
503 3115 632 3168 naturae
653 3123 762 3168 eorunm
788 3105 917 3182 excedit,
941 3103 1057 3169 scilieet
1078 3124 1149 3192 per·

229 3193 339 3258 lectam
364 3191 552 3266 fruitionem,
579 3211 641 3257 non
682 3187 811 3278 'alicujus
850 3192 924 3258 boni
955 3193 1061 3269 creati,
1095 3191 1150 3257 sed
1239 3171 1240 3225 l

228 3281 380 3367 suiipsius.
406 3279 468 3346 lloc
491 3281 583 3366 igitur
605 3281 752 3346 auxilium
783 3281 1005 3346 convenienter
1037 3281 1150 3348 dieitur

228 3372 337 3454 gratia,
360 3391 422 3434 non
446 3371 546 3436 solum
571 3373 643 3456 quia
668 3372 762 3453 gratis
785 3372 886 3446 datur,
917 3384 949 3435 ut
987 3383 1147 3435 ostensum

230 3473 286 3534 est,
308 3459 361 3522 sed
386 3461 478 3522 etiarn
501 3460 571 3543 quia
597 3460 655 3523 lnce
676 3459 789 3524 auxilio
813 3460 917 3538 horno,
930 3457 1052 3546 speciali
1070 3479 1146 3545 quta-

233 3545 304 3608 darn
329 3548 552 3630 praerogatiua,
575 3548 714 3612 redditur
736 3548 804 3612 Deo
842 3560 957 3633 gratus;
993 3547 1076 3612 uude
1114 3559 1146 3612 et
