<?xml version="1.0" encoding="UTF-8"?>
<!DOCTYPE html PUBLIC "-//W3C//DTD XHTML 1.0 Transitional//EN"
    "http://www.w3.org/TR/xhtml1/DTD/xhtml1-transitional.dtd">
<html xmlns="http://www.w3.org/1999/xhtml" xml:lang="en" lang="en">
 <head>
  <title>
</title>
<meta http-equiv="Content-Type" content="text/html;charset=utf-8" />
  <meta name='ocr-system' content='tesseract 3.04.00' />
  <meta name='ocr-capabilities' content='ocr_page ocr_carea ocr_par ocr_line ocrx_word'/>
</head>
<body>
  <div class='ocr_page' id='page_1' title='image "./sanctithomaeaqu00thomgoog_0390.png"; bbox 0 0 2514 3972; ppageno 0'>
   <div class='ocr_carea' id='block_1_1' title="bbox 113 237 1109 3076">
    <p class='ocr_par' dir='ltr' id='par_1_1' title="bbox 113 237 1109 3076">
     <span class='ocr_line' id='line_1_1' title="bbox 405 237 1043 306; baseline 0.002 -4"><span class='ocrx_word' id='word_1_1' title='bbox 405 259 461 303; x_wconf 81' lang='lat' dir='ltr'><strong>uro.</strong></span> <span class='ocrx_word' id='word_1_2' title='bbox 485 259 526 306; x_wconf 85' lang='lat' dir='ltr'><strong>ur.</strong></span> <span class='ocrx_word' id='word_1_3' title='bbox 549 256 612 304; x_wconf 80' lang='lat' dir='ltr'><strong>utu.</strong></span> <span class='ocrx_word' id='word_1_4' title='bbox 636 257 743 304; x_wconf 84' lang='lat' dir='ltr'><strong>cxxvu.</strong></span> <span class='ocrx_word' id='word_1_5' title='bbox 978 237 1043 305; x_wconf 75' lang='lat'><strong>585</strong></span> 
     </span>
     <span class='ocr_line' id='line_1_2' title="bbox 193 324 1041 414; baseline 0.004 -24"><span class='ocrx_word' id='word_1_6' title='bbox 193 324 340 414; x_wconf 77' lang='lat' dir='ltr'><strong>Amplius,</strong></span> <span class='ocrx_word' id='word_1_7' title='bbox 366 324 412 391; x_wconf 92' lang='lat' dir='ltr'><strong>Uti</strong></span> <span class='ocrx_word' id='word_1_8' title='bbox 436 327 590 393; x_wconf 79' lang='lat' dir='ltr'><strong>rebusad</strong></span> <span class='ocrx_word' id='word_1_9' title='bbox 614 327 672 392; x_wconf 90' lang='lat' dir='ltr'><strong>boo</strong></span> <span class='ocrx_word' id='word_1_10' title='bbox 695 326 778 413; x_wconf 80' lang='lat' dir='ltr'><strong>qued</strong></span> <span class='ocrx_word' id='word_1_11' title='bbox 801 341 872 394; x_wconf 91' lang='lat' dir='ltr'><strong>sunt</strong></span> <span class='ocrx_word' id='word_1_12' title='bbox 905 347 969 392; x_wconf 91' lang='lat' dir='ltr'><strong>non</strong></span> <span class='ocrx_word' id='word_1_13' title='bbox 994 343 1041 393; x_wconf 85' lang='lat' dir='ltr'><strong>est</strong></span> 
     </span>
     <span class='ocr_line' id='line_1_3' title="bbox 125 415 1043 503; baseline 0.003 -24"><span class='ocrx_word' id='word_1_14' title='bbox 125 415 298 479; x_wconf 85' lang='lat' dir='ltr'><strong>secundum</strong></span> <span class='ocrx_word' id='word_1_15' title='bbox 309 433 343 480; x_wconf 91' lang='lat' dir='ltr'><strong>se</strong></span> <span class='ocrx_word' id='word_1_16' title='bbox 355 416 481 482; x_wconf 89' lang='lat' dir='ltr'><strong>malum.</strong></span> <span class='ocrx_word' id='word_1_17' title='bbox 498 416 574 483; x_wconf 90' lang='lat' dir='ltr'><strong>Sunt</strong></span> <span class='ocrx_word' id='word_1_18' title='bbox 586 430 688 482; x_wconf 90' lang='lat' dir='ltr'><strong>autem</strong></span> <span class='ocrx_word' id='word_1_19' title='bbox 702 416 822 502; x_wconf 88' lang='lat' dir='ltr'><strong>plantae</strong></span> <span class='ocrx_word' id='word_1_20' title='bbox 837 429 965 503; x_wconf 85' lang='lat' dir='ltr'><strong>propter·</strong></span> <span class='ocrx_word' id='word_1_21' title='bbox 976 418 1043 482; x_wconf 90' lang='lat' dir='ltr'><strong>aui·</strong></span> 
     </span>
     <span class='ocr_line' id='line_1_4' title="bbox 126 502 1043 592; baseline 0.005 -25"><span class='ocrx_word' id='word_1_22' title='bbox 126 502 231 578; x_wconf 85' lang='lat' dir='ltr'><strong>malia,</strong></span> <span class='ocrx_word' id='word_1_23' title='bbox 243 502 421 570; x_wconf 88' lang='lat' dir='ltr'><strong>animalium</strong></span> <span class='ocrx_word' id='word_1_24' title='bbox 437 523 511 570; x_wconf 84' lang='lat' dir='ltr'><strong>uero</strong></span> <span class='ocrx_word' id='word_1_25' title='bbox 522 504 673 591; x_wconf 77' lang='lat' dir='ltr'><strong>quaedam</strong></span> <span class='ocrx_word' id='word_1_26' title='bbox 686 517 810 592; x_wconf 90' lang='lat' dir='ltr'><strong>propter</strong></span> <span class='ocrx_word' id='word_1_27' title='bbox 824 506 881 570; x_wconf 89' lang='lat' dir='ltr'><strong>alia</strong></span> <span class='ocrx_word' id='word_1_28' title='bbox 894 517 924 568; x_wconf 88' lang='lat' dir='ltr'><strong>et</strong></span> <span class='ocrx_word' id='word_1_29' title='bbox 939 506 1043 572; x_wconf 86' lang='lat' dir='ltr'><strong>omnia</strong></span> 
     </span>
     <span class='ocr_line' id='line_1_5' title="bbox 124 591 1042 681; baseline 0.004 -26"><span class='ocrx_word' id='word_1_30' title='bbox 124 605 251 679; x_wconf 88' lang='lat' dir='ltr'><strong>propter</strong></span> <span class='ocrx_word' id='word_1_31' title='bbox 273 591 442 669; x_wconf 90' lang='lat' dir='ltr'><strong>bominem,</strong></span> <span class='ocrx_word' id='word_1_32' title='bbox 464 595 541 660; x_wconf 86' lang='lat' dir='ltr'><strong>sicut</strong></span> <span class='ocrx_word' id='word_1_33' title='bbox 570 614 608 660; x_wconf 86' lang='lat' dir='ltr'><strong>ex</strong></span> <span class='ocrx_word' id='word_1_34' title='bbox 645 594 854 681; x_wconf 88' lang='lat' dir='ltr'><strong>superioribus</strong></span> <span class='ocrx_word' id='word_1_35' title='bbox 876 604 967 679; x_wconf 88' lang='lat' dir='ltr'><strong>patet.</strong></span> <span class='ocrx_word' id='word_1_36' title='bbox 996 593 1042 660; x_wconf 90' lang='lat' dir='ltr'><strong>Uti</strong></span> 
     </span>
     <span class='ocr_line' id='line_1_6' title="bbox 125 679 1109 768; baseline 0.005 -25"><span class='ocrx_word' id='word_1_37' title='bbox 125 679 218 764; x_wconf 79' lang='lat' dir='ltr'><strong>igitur</strong></span> <span class='ocrx_word' id='word_1_38' title='bbox 240 679 288 745; x_wconf 88' lang='lat' dir='ltr'><strong>vel</strong></span> <span class='ocrx_word' id='word_1_39' title='bbox 321 680 432 768; x_wconf 90' lang='lat' dir='ltr'><strong>plantis</strong></span> <span class='ocrx_word' id='word_1_40' title='bbox 460 682 509 747; x_wconf 88' lang='lat' dir='ltr'><strong>vel</strong></span> <span class='ocrx_word' id='word_1_41' title='bbox 543 683 721 748; x_wconf 89' lang='lat' dir='ltr'><strong>animalium</strong></span> <span class='ocrx_word' id='word_1_42' title='bbox 756 683 909 759; x_wconf 90' lang='lat' dir='ltr'><strong>carnibus,</strong></span> <span class='ocrx_word' id='word_1_43' title='bbox 933 681 980 748; x_wconf 87' lang='lat' dir='ltr'><strong>vel</strong></span> <span class='ocrx_word' id='word_1_44' title='bbox 1003 683 1043 748; x_wconf 88' lang='lat' dir='ltr'><strong>ad</strong></span> <span class='ocrx_word' id='word_1_45' title='bbox 1108 723 1109 730; x_wconf 24' lang='grc' dir='ltr'><strong>κ</strong></span> 
     </span>
     <span class='ocr_line' id='line_1_7' title="bbox 124 769 1042 857; baseline 0.004 -25"><span class='ocrx_word' id='word_1_46' title='bbox 124 787 213 834; x_wconf 88' lang='lat' dir='ltr'><strong>esum</strong></span> <span class='ocrx_word' id='word_1_47' title='bbox 244 769 292 834; x_wconf 88' lang='lat' dir='ltr'><strong>vel</strong></span> <span class='ocrx_word' id='word_1_48' title='bbox 315 770 355 834; x_wconf 91' lang='lat' dir='ltr'><strong>ad</strong></span> <span class='ocrx_word' id='word_1_49' title='bbox 376 771 524 857; x_wconf 94' lang='lat' dir='ltr'><strong>quidquid</strong></span> <span class='ocrx_word' id='word_1_50' title='bbox 546 771 629 837; x_wconf 90' lang='lat' dir='ltr'><strong>allud</strong></span> <span class='ocrx_word' id='word_1_51' title='bbox 651 785 724 837; x_wconf 88' lang='lat' dir='ltr'><strong>sunt</strong></span> <span class='ocrx_word' id='word_1_52' title='bbox 737 770 855 838; x_wconf 90' lang='lat' dir='ltr'><strong>bomini</strong></span> <span class='ocrx_word' id='word_1_53' title='bbox 868 771 963 850; x_wconf 91' lang='lat' dir='ltr'><strong>utilia,</strong></span> <span class='ocrx_word' id='word_1_54' title='bbox 978 791 1042 838; x_wconf 91' lang='lat' dir='ltr'><strong>uon</strong></span> 
     </span>
     <span class='ocr_line' id='line_1_8' title="bbox 125 857 624 948; baseline 0.008 -27"><span class='ocrx_word' id='word_1_55' title='bbox 125 869 173 922; x_wconf 78' lang='lat' dir='ltr'><strong>ert</strong></span> <span class='ocrx_word' id='word_1_56' title='bbox 205 857 376 924; x_wconf 87' lang='lat' dir='ltr'><strong>secuudum</strong></span> <span class='ocrx_word' id='word_1_57' title='bbox 400 881 433 925; x_wconf 89' lang='lat' dir='ltr'><strong>se</strong></span> <span class='ocrx_word' id='word_1_58' title='bbox 456 873 624 948; x_wconf 87' lang='lat' dir='ltr'><strong>peccatum.</strong></span> 
     </span>
     <span class='ocr_line' id='line_1_9' title="bbox 192 945 1040 1036; baseline 0.004 -25"><span class='ocrx_word' id='word_1_59' title='bbox 192 945 445 1028; x_wconf 66' lang='lat' dir='ltr'><strong>llam-Deiectus</strong></span> <span class='ocrx_word' id='word_1_60' title='bbox 469 950 583 1036; x_wconf 89' lang='lat' dir='ltr'><strong>pcccati</strong></span> <span class='ocrx_word' id='word_1_61' title='bbox 607 949 645 1014; x_wconf 92' lang='lat' dir='ltr'><strong>ab</strong></span> <span class='ocrx_word' id='word_1_62' title='bbox 669 949 771 1014; x_wconf 88' lang='lat' dir='ltr'><strong>anima</strong></span> <span class='ocrx_word' id='word_1_63' title='bbox 808 947 964 1015; x_wconf 86' lang='lat' dir='ltr'><strong>derivatur</strong></span> <span class='ocrx_word' id='word_1_64' title='bbox 1000 949 1040 1014; x_wconf 92' lang='lat' dir='ltr'><strong>ad</strong></span> 
     </span>
     <span class='ocr_line' id='line_1_10' title="bbox 123 1037 1038 1123; baseline 0.004 -25"><span class='ocrx_word' id='word_1_65' title='bbox 123 1053 246 1122; x_wconf 87' lang='lat' dir='ltr'><strong>corpus,</strong></span> <span class='ocrx_word' id='word_1_66' title='bbox 269 1048 298 1102; x_wconf 90' lang='lat' dir='ltr'><strong>et</strong></span> <span class='ocrx_word' id='word_1_67' title='bbox 321 1056 384 1101; x_wconf 89' lang='lat' dir='ltr'><strong>noo</strong></span> <span class='ocrx_word' id='word_1_68' title='bbox 406 1057 424 1103; x_wconf 90' lang='lat' dir='ltr'><strong>e</strong></span> <span class='ocrx_word' id='word_1_69' title='bbox 446 1057 606 1115; x_wconf 76' lang='lat' dir='ltr'><strong>convenam</strong></span> <span class='ocrx_word' id='word_1_70' title='bbox 628 1051 785 1123; x_wconf 89' lang='lat' dir='ltr'><strong>peccatum</strong></span> <span class='ocrx_word' id='word_1_71' title='bbox 810 1038 892 1103; x_wconf 88' lang='lat' dir='ltr'><strong>enim</strong></span> <span class='ocrx_word' id='word_1_72' title='bbox 908 1037 1038 1104; x_wconf 82' lang='lat' dir='ltr'><strong>dicimus</strong></span> 
     </span>
     <span class='ocr_line' id='line_1_11' title="bbox 120 1123 1040 1210; baseline 0.004 -22"><span class='ocrx_word' id='word_1_73' title='bbox 120 1123 294 1190; x_wconf 87' lang='lat' dir='ltr'><strong>secundum</strong></span> <span class='ocrx_word' id='word_1_74' title='bbox 313 1125 399 1210; x_wconf 93' lang='lat' dir='ltr'><strong>quod</strong></span> <span class='ocrx_word' id='word_1_75' title='bbox 423 1126 623 1192; x_wconf 86' lang='lat' dir='ltr'><strong>deordinatur</strong></span> <span class='ocrx_word' id='word_1_76' title='bbox 645 1126 794 1192; x_wconf 86' lang='lat' dir='ltr'><strong>voluutas.</strong></span> <span class='ocrx_word' id='word_1_77' title='bbox 830 1125 898 1192; x_wconf 82' lang='lat' dir='ltr'>Cibi</span> <span class='ocrx_word' id='word_1_78' title='bbox 935 1140 1040 1194; x_wconf 90' lang='lat' dir='ltr'><strong>autem</strong></span> 
     </span>
     <span class='ocr_line' id='line_1_12' title="bbox 120 1211 1038 1302; baseline 0.004 -26"><span class='ocrx_word' id='word_1_79' title='bbox 120 1211 299 1280; x_wconf 70' lang='lat' dir='ltr'><strong>immediate</strong></span> <span class='ocrx_word' id='word_1_80' title='bbox 322 1214 359 1279; x_wconf 84' lang='lat' dir='ltr'><strong>ad</strong></span> <span class='ocrx_word' id='word_1_81' title='bbox 383 1235 496 1301; x_wconf 90' lang='lat' dir='ltr'><strong>corpus</strong></span> <span class='ocrx_word' id='word_1_82' title='bbox 520 1217 682 1302; x_wconf 72' lang='lat' dir='ltr'><strong>pertinent,</strong></span> <span class='ocrx_word' id='word_1_83' title='bbox 717 1236 779 1280; x_wconf 91' lang='lat' dir='ltr'><strong>non</strong></span> <span class='ocrx_word' id='word_1_84' title='bbox 815 1215 854 1280; x_wconf 93' lang='lat' dir='ltr'><strong>ad</strong></span> <span class='ocrx_word' id='word_1_85' title='bbox 892 1216 1038 1280; x_wconf 89' lang='lat' dir='ltr'><strong>animam.</strong></span> 
     </span>
     <span class='ocr_line' id='line_1_13' title="bbox 120 1298 1040 1391; baseline 0.007 -27"><span class='ocrx_word' id='word_1_86' title='bbox 120 1298 190 1366; x_wconf 88' lang='lat' dir='ltr'><strong>Non</strong></span> <span class='ocrx_word' id='word_1_87' title='bbox 212 1303 304 1388; x_wconf 74' lang='lat' dir='ltr'><strong>igitur</strong></span> <span class='ocrx_word' id='word_1_88' title='bbox 326 1303 465 1369; x_wconf 88' lang='lat' dir='ltr'><strong>ciborum</strong></span> <span class='ocrx_word' id='word_1_89' title='bbox 487 1306 622 1391; x_wconf 83' lang='lat' dir='ltr'><strong>sumptio</strong></span> <span class='ocrx_word' id='word_1_90' title='bbox 659 1303 830 1370; x_wconf 85' lang='lat' dir='ltr'><strong>secundum</strong></span> <span class='ocrx_word' id='word_1_91' title='bbox 868 1323 902 1370; x_wconf 83' lang='lat' dir='ltr'><strong>se</strong></span> <span class='ocrx_word' id='word_1_92' title='bbox 940 1318 1040 1391; x_wconf 85' lang='lat' dir='ltr'><strong>potest</strong></span> 
     </span>
     <span class='ocr_line' id='line_1_14' title="bbox 120 1393 1037 1479; baseline 0.002 -25"><span class='ocrx_word' id='word_1_93' title='bbox 120 1409 189 1455; x_wconf 84' lang='lat' dir='ltr'><strong>esse</strong></span> <span class='ocrx_word' id='word_1_94' title='bbox 210 1405 381 1478; x_wconf 88' lang='lat' dir='ltr'><strong>peccatum,</strong></span> <span class='ocrx_word' id='word_1_95' title='bbox 404 1393 461 1458; x_wconf 83' lang='lat' dir='ltr'><strong>nisi</strong></span> <span class='ocrx_word' id='word_1_96' title='bbox 490 1406 641 1479; x_wconf 89' lang='lat' dir='ltr'><strong>quatenus</strong></span> <span class='ocrx_word' id='word_1_97' title='bbox 675 1405 825 1479; x_wconf 76' lang='lat' dir='ltr'><strong>repugnat</strong></span> <span class='ocrx_word' id='word_1_98' title='bbox 862 1393 1037 1459; x_wconf 80' lang='lat' dir='ltr'><strong>rectitudini</strong></span> 
     </span>
     <span class='ocr_line' id='line_1_15' title="bbox 119 1478 1038 1568; baseline 0.004 -24"><span class='ocrx_word' id='word_1_99' title='bbox 119 1478 293 1546; x_wconf 84' lang='lat' dir='ltr'><strong>voluntatis.</strong></span> <span class='ocrx_word' id='word_1_100' title='bbox 317 1480 534 1568; x_wconf 83' lang='lat' dir='ltr'><strong>Quodquidem</strong></span> <span class='ocrx_word' id='word_1_101' title='bbox 558 1482 715 1566; x_wconf 79' lang='lat' dir='ltr'><strong>contingit:</strong></span> <span class='ocrx_word' id='word_1_102' title='bbox 753 1501 816 1548; x_wconf 93' lang='lat' dir='ltr'><strong>uno</strong></span> <span class='ocrx_word' id='word_1_103' title='bbox 840 1481 943 1555; x_wconf 86' lang='lat' dir='ltr'><strong>modo,</strong></span> <span class='ocrx_word' id='word_1_104' title='bbox 967 1501 1038 1568; x_wconf 92' lang='lat' dir='ltr'><strong>pro·</strong></span> 
     </span>
     <span class='ocr_line' id='line_1_16' title="bbox 120 1569 1036 1658; baseline 0.005 -27"><span class='ocrx_word' id='word_1_105' title='bbox 120 1579 190 1653; x_wconf 90' lang='lat' dir='ltr'><strong>pter</strong></span> <span class='ocrx_word' id='word_1_106' title='bbox 211 1571 446 1656; x_wconf 79' lang='lat' dir='ltr'><strong>repugnantiam</strong></span> <span class='ocrx_word' id='word_1_107' title='bbox 484 1569 523 1635; x_wconf 91' lang='lat' dir='ltr'><strong>ad</strong></span> <span class='ocrx_word' id='word_1_108' title='bbox 557 1571 716 1658; x_wconf 90' lang='lat' dir='ltr'><strong>proprium</strong></span> <span class='ocrx_word' id='word_1_109' title='bbox 753 1570 848 1634; x_wconf 88' lang='lat' dir='ltr'><strong>liuenr</strong></span> <span class='ocrx_word' id='word_1_110' title='bbox 882 1569 1036 1649; x_wconf 86' lang='lat' dir='ltr'><strong>ciborum,</strong></span> 
     </span>
     <span class='ocr_line' id='line_1_17' title="bbox 120 1657 1037 1746; baseline 0.005 -26"><span class='ocrx_word' id='word_1_111' title='bbox 120 1657 199 1721; x_wconf 88' lang='lat' dir='ltr'><strong>sicut</strong></span> <span class='ocrx_word' id='word_1_112' title='bbox 221 1677 292 1723; x_wconf 91' lang='lat' dir='ltr'><strong>cum</strong></span> <span class='ocrx_word' id='word_1_113' title='bbox 315 1657 434 1746; x_wconf 84' lang='lat' dir='ltr'><strong>aliquis,</strong></span> <span class='ocrx_word' id='word_1_114' title='bbox 458 1672 584 1746; x_wconf 89' lang='lat' dir='ltr'><strong>propter</strong></span> <span class='ocrx_word' id='word_1_115' title='bbox 616 1659 850 1726; x_wconf 86' lang='lat' dir='ltr'><strong>delectationem</strong></span> <span class='ocrx_word' id='word_1_116' title='bbox 888 1675 1037 1744; x_wconf 88' lang='lat' dir='ltr'><strong>quaeest</strong></span> 
     </span>
     <span class='ocr_line' id='line_1_18' title="bbox 120 1744 1036 1834; baseline 0.003 -25"><span class='ocrx_word' id='word_1_117' title='bbox 120 1744 153 1809; x_wconf 91' lang='lat' dir='ltr'><strong>in</strong></span> <span class='ocrx_word' id='word_1_118' title='bbox 176 1744 263 1822; x_wconf 88' lang='lat' dir='ltr'><strong>cibis,</strong></span> <span class='ocrx_word' id='word_1_119' title='bbox 286 1747 380 1813; x_wconf 91' lang='lat' dir='ltr'><strong>utitur</strong></span> <span class='ocrx_word' id='word_1_120' title='bbox 402 1747 477 1814; x_wconf 84' lang='lat' dir='ltr'><strong>cibis</strong></span> <span class='ocrx_word' id='word_1_121' title='bbox 499 1749 754 1814; x_wconf 88' lang='lat' dir='ltr'><strong>contrariantibus</strong></span> <span class='ocrx_word' id='word_1_122' title='bbox 778 1749 913 1834; x_wconf 88' lang='lat' dir='ltr'><strong>corporis</strong></span> <span class='ocrx_word' id='word_1_123' title='bbox 936 1746 1036 1828; x_wconf 87' lang='lat' dir='ltr'><strong>saluti,</strong></span> 
     </span>
     <span class='ocr_line' id='line_1_19' title="bbox 119 1832 1035 1924; baseline 0.004 -26"><span class='ocrx_word' id='word_1_124' title='bbox 119 1832 169 1898; x_wconf 85' lang='lat' dir='ltr'><strong>vel</strong></span> <span class='ocrx_word' id='word_1_125' title='bbox 190 1835 360 1901; x_wconf 86' lang='lat' dir='ltr'><strong>secuudum</strong></span> <span class='ocrx_word' id='word_1_126' title='bbox 382 1837 516 1924; x_wconf 87' lang='lat' dir='ltr'><strong>speciem</strong></span> <span class='ocrx_word' id='word_1_127' title='bbox 539 1837 679 1903; x_wconf 91' lang='lat' dir='ltr'><strong>ciborum</strong></span> <span class='ocrx_word' id='word_1_128' title='bbox 693 1836 922 1904; x_wconf 88' lang='lat' dir='ltr'><strong>velsecundum</strong></span> <span class='ocrx_word' id='word_1_129' title='bbox 936 1856 1035 1922; x_wconf 86' lang='lat' dir='ltr'><strong>quau·</strong></span> 
     </span>
     <span class='ocr_line' id='line_1_20' title="bbox 121 1922 1035 2014; baseline 0.004 -27"><span class='ocrx_word' id='word_1_130' title='bbox 121 1922 250 1989; x_wconf 85' lang='lat' dir='ltr'><strong>titatenr:</strong></span> <span class='ocrx_word' id='word_1_131' title='bbox 273 1924 333 1991; x_wconf 93' lang='lat' dir='ltr'><strong>alio</strong></span> <span class='ocrx_word' id='word_1_132' title='bbox 356 1925 461 2004; x_wconf 88' lang='lat' dir='ltr'><strong>modo,</strong></span> <span class='ocrx_word' id='word_1_133' title='bbox 483 1927 655 1992; x_wconf 88' lang='lat' dir='ltr'><strong>secundum</strong></span> <span class='ocrx_word' id='word_1_134' title='bbox 679 1925 763 2012; x_wconf 93' lang='lat' dir='ltr'><strong>quud</strong></span> <span class='ocrx_word' id='word_1_135' title='bbox 785 1937 936 2014; x_wconf 79' lang='lat' dir='ltr'><strong>repugnat</strong></span> <span class='ocrx_word' id='word_1_136' title='bbox 962 1945 1035 1991; x_wconf 89' lang='lat' dir='ltr'><strong>con·</strong></span> 
     </span>
     <span class='ocr_line' id='line_1_21' title="bbox 118 2010 1034 2102; baseline 0.007 -27"><span class='ocrx_word' id='word_1_137' title='bbox 118 2010 228 2076; x_wconf 91' lang='lat' dir='ltr'><strong>ditioni</strong></span> <span class='ocrx_word' id='word_1_138' title='bbox 251 2012 317 2099; x_wconf 85' lang='lat' dir='ltr'><strong>ejus</strong></span> <span class='ocrx_word' id='word_1_139' title='bbox 340 2014 392 2102; x_wconf 91' lang='lat' dir='ltr'><strong>qui</strong></span> <span class='ocrx_word' id='word_1_140' title='bbox 414 2015 509 2080; x_wconf 91' lang='lat' dir='ltr'><strong>utitur</strong></span> <span class='ocrx_word' id='word_1_141' title='bbox 531 2015 606 2081; x_wconf 83' lang='lat' dir='ltr'><strong>cibis</strong></span> <span class='ocrx_word' id='word_1_142' title='bbox 630 2014 678 2082; x_wconf 88' lang='lat' dir='ltr'><strong>vel</strong></span> <span class='ocrx_word' id='word_1_143' title='bbox 701 2033 809 2080; x_wconf 92' lang='lat' dir='ltr'><strong>eorum</strong></span> <span class='ocrx_word' id='word_1_144' title='bbox 839 2014 1034 2100; x_wconf 84' lang='lat' dir='ltr'><strong>cumquibus</strong></span> 
     </span>
     <span class='ocr_line' id='line_1_22' title="bbox 117 2103 1034 2190; baseline 0.002 -24"><span class='ocrx_word' id='word_1_145' title='bbox 117 2115 329 2180; x_wconf 85' lang='lat' dir='ltr'><strong>conversatur,</strong></span> <span class='ocrx_word' id='word_1_146' title='bbox 362 2117 434 2190; x_wconf 88' lang='lat' dir='ltr'><strong>puta</strong></span> <span class='ocrx_word' id='word_1_147' title='bbox 456 2124 527 2170; x_wconf 91' lang='lat' dir='ltr'><strong>cum</strong></span> <span class='ocrx_word' id='word_1_148' title='bbox 551 2103 619 2190; x_wconf 90' lang='lat' dir='ltr'><strong>quis</strong></span> <span class='ocrx_word' id='word_1_149' title='bbox 656 2106 827 2168; x_wconf 78' lang='lat' dir='ltr'><strong>accuratius</strong></span> <span class='ocrx_word' id='word_1_150' title='bbox 850 2103 925 2168; x_wconf 88' lang='lat' dir='ltr'><strong>cibis</strong></span> <span class='ocrx_word' id='word_1_151' title='bbox 939 2103 1034 2168; x_wconf 90' lang='lat' dir='ltr'><strong>utitur</strong></span> 
     </span>
     <span class='ocr_line' id='line_1_23' title="bbox 116 2191 1032 2278; baseline 0.004 -24"><span class='ocrx_word' id='word_1_152' title='bbox 116 2209 213 2276; x_wconf 89' lang='lat' dir='ltr'><strong>quam</strong></span> <span class='ocrx_word' id='word_1_153' title='bbox 235 2210 290 2256; x_wconf 88' lang='lat' dir='ltr'><strong>sua</strong></span> <span class='ocrx_word' id='word_1_154' title='bbox 313 2191 440 2258; x_wconf 85' lang='lat' dir='ltr'><strong>incultas</strong></span> <span class='ocrx_word' id='word_1_155' title='bbox 462 2192 609 2258; x_wconf 85' lang='lat' dir='ltr'><strong>sustineat</strong></span> <span class='ocrx_word' id='word_1_156' title='bbox 630 2206 661 2258; x_wconf 91' lang='lat' dir='ltr'><strong>et</strong></span> <span class='ocrx_word' id='word_1_157' title='bbox 683 2192 770 2258; x_wconf 88' lang='lat' dir='ltr'><strong>aliter</strong></span> <span class='ocrx_word' id='word_1_158' title='bbox 793 2205 886 2278; x_wconf 87' lang='lat' dir='ltr'><strong>quarn</strong></span> <span class='ocrx_word' id='word_1_159' title='bbox 923 2211 1032 2258; x_wconf 87' lang='lat' dir='ltr'><strong>eorum</strong></span> 
     </span>
     <span class='ocr_line' id='line_1_24' title="bbox 115 2278 1033 2367; baseline 0.004 -25"><span class='ocrx_word' id='word_1_160' title='bbox 115 2297 221 2344; x_wconf 87' lang='lat' dir='ltr'><strong>mores</strong></span> <span class='ocrx_word' id='word_1_161' title='bbox 243 2278 376 2345; x_wconf 87' lang='lat' dir='ltr'><strong>babeant</strong></span> <span class='ocrx_word' id='word_1_162' title='bbox 398 2299 468 2346; x_wconf 88' lang='lat' dir='ltr'><strong>cum</strong></span> <span class='ocrx_word' id='word_1_163' title='bbox 492 2281 601 2367; x_wconf 87' lang='lat' dir='ltr'><strong>quibus</strong></span> <span class='ocrx_word' id='word_1_164' title='bbox 624 2281 765 2358; x_wconf 68' lang='lat' dir='ltr'><strong>convivia</strong></span> <span class='ocrx_word' id='word_1_165' title='bbox 804 2281 892 2346; x_wconf 91' lang='lat' dir='ltr'><strong>tertio</strong></span> <span class='ocrx_word' id='word_1_166' title='bbox 927 2280 1033 2360; x_wconf 91' lang='lat' dir='ltr'><strong>modo,</strong></span> 
     </span>
     <span class='ocr_line' id='line_1_25' title="bbox 118 2365 1037 2455; baseline 0.002 -23"><span class='ocrx_word' id='word_1_167' title='bbox 118 2365 291 2434; x_wconf 86' lang='lat' dir='ltr'><strong>secundum</strong></span> <span class='ocrx_word' id='word_1_168' title='bbox 314 2368 397 2455; x_wconf 92' lang='lat' dir='ltr'><strong>quod</strong></span> <span class='ocrx_word' id='word_1_169' title='bbox 434 2369 493 2434; x_wconf 91' lang='lat' dir='ltr'><strong>cibi</strong></span> <span class='ocrx_word' id='word_1_170' title='bbox 530 2381 603 2434; x_wconf 86' lang='lat' dir='ltr'><strong>sunt</strong></span> <span class='ocrx_word' id='word_1_171' title='bbox 640 2369 755 2454; x_wconf 86' lang='lat' dir='ltr'><strong>aliqua</strong></span> <span class='ocrx_word' id='word_1_172' title='bbox 775 2368 843 2454; x_wconf 75' lang='lat' dir='ltr'><strong>lege</strong></span> <span class='ocrx_word' id='word_1_173' title='bbox 877 2366 1037 2455; x_wconf 89' lang='lat' dir='ltr'><strong>prohibiti,</strong></span> 
     </span>
     <span class='ocr_line' id='line_1_26' title="bbox 118 2457 1030 2544; baseline 0.005 -25"><span class='ocrx_word' id='word_1_174' title='bbox 118 2468 244 2543; x_wconf 86' lang='lat' dir='ltr'><strong>propter</strong></span> <span class='ocrx_word' id='word_1_175' title='bbox 265 2457 400 2544; x_wconf 85' lang='lat' dir='ltr'><strong>aliquam</strong></span> <span class='ocrx_word' id='word_1_176' title='bbox 422 2478 546 2524; x_wconf 90' lang='lat' dir='ltr'><strong>causam</strong></span> <span class='ocrx_word' id='word_1_177' title='bbox 570 2457 734 2544; x_wconf 87' lang='lat' dir='ltr'><strong>specialem</strong></span> <span class='ocrx_word' id='word_1_178' title='bbox 758 2459 858 2544; x_wconf 88' lang='lat' dir='ltr'><strong>(puto,</strong></span> <span class='ocrx_word' id='word_1_179' title='bbox 878 2459 911 2522; x_wconf 92' lang='lat' dir='ltr'><strong>in</strong></span> <span class='ocrx_word' id='word_1_180' title='bbox 935 2460 1030 2524; x_wconf 86' lang='lat' dir='ltr'><strong>veteri</strong></span> 
     </span>
     <span class='ocr_line' id='line_1_27' title="bbox 117 2545 1031 2634; baseline 0.003 -24"><span class='ocrx_word' id='word_1_181' title='bbox 117 2545 198 2630; x_wconf 81' lang='lat' dir='ltr'><strong>lege,</strong></span> <span class='ocrx_word' id='word_1_182' title='bbox 220 2545 345 2632; x_wconf 87' lang='lat' dir='ltr'><strong>quidam</strong></span> <span class='ocrx_word' id='word_1_183' title='bbox 368 2547 427 2612; x_wconf 91' lang='lat' dir='ltr'><strong>cibi</strong></span> <span class='ocrx_word' id='word_1_184' title='bbox 450 2547 692 2634; x_wconf 84' lang='lat' dir='ltr'><strong>prohibebantur</strong></span> <span class='ocrx_word' id='word_1_185' title='bbox 715 2559 840 2633; x_wconf 88' lang='lat' dir='ltr'><strong>propter</strong></span> <span class='ocrx_word' id='word_1_186' title='bbox 876 2546 1031 2630; x_wconf 76' lang='lat' dir='ltr'><strong>siguifica-</strong></span> 
     </span>
     <span class='ocr_line' id='line_1_28' title="bbox 117 2633 1031 2723; baseline 0.003 -26"><span class='ocrx_word' id='word_1_187' title='bbox 117 2633 246 2713; x_wconf 75' lang='lat' dir='ltr'><strong>rtooeoa</strong></span> <span class='ocrx_word' id='word_1_188' title='bbox 269 2635 299 2700; x_wconf 93' lang='lat' dir='ltr'><strong>in</strong></span> <span class='ocrx_word' id='word_1_189' title='bbox 324 2633 455 2723; x_wconf 80' lang='lat' dir='ltr'><strong>AEgypto</strong></span> <span class='ocrx_word' id='word_1_190' title='bbox 468 2635 687 2723; x_wconf 85' lang='lat' dir='ltr'><strong>prohibebatur</strong></span> <span class='ocrx_word' id='word_1_191' title='bbox 702 2635 868 2720; x_wconf 84' lang='lat' dir='ltr'><strong>antiquitus</strong></span> <span class='ocrx_word' id='word_1_192' title='bbox 883 2637 1031 2702; x_wconf 83' lang='lat' dir='ltr'><strong>comestio</strong></span> 
     </span>
     <span class='ocr_line' id='line_1_29' title="bbox 116 2723 1029 2810; baseline 0.004 -24"><span class='ocrx_word' id='word_1_193' title='bbox 116 2723 218 2788; x_wconf 88' lang='lat' dir='ltr'><strong>carnis</strong></span> <span class='ocrx_word' id='word_1_194' title='bbox 252 2723 391 2804; x_wconf 83' lang='lat' dir='ltr'><strong>bovinae,</strong></span> <span class='ocrx_word' id='word_1_195' title='bbox 428 2745 468 2790; x_wconf 89' lang='lat' dir='ltr'><strong>ue</strong></span> <span class='ocrx_word' id='word_1_196' title='bbox 501 2725 685 2810; x_wconf 75' lang='lat' dir='ltr'><strong>agricultura</strong></span> <span class='ocrx_word' id='word_1_197' title='bbox 718 2723 943 2809; x_wconf 90' lang='lat' dir='ltr'><strong>impediretur),</strong></span> <span class='ocrx_word' id='word_1_198' title='bbox 981 2727 1029 2790; x_wconf 82' lang='lat' dir='ltr'><strong>vel</strong></span> 
     </span>
     <span class='ocr_line' id='line_1_30' title="bbox 115 2811 1031 2900; baseline 0.001 -25"><span class='ocrx_word' id='word_1_199' title='bbox 115 2813 209 2879; x_wconf 88' lang='lat' dir='ltr'><strong>etiam</strong></span> <span class='ocrx_word' id='word_1_200' title='bbox 230 2811 401 2880; x_wconf 87' lang='lat' dir='ltr'><strong>secuudum</strong></span> <span class='ocrx_word' id='word_1_201' title='bbox 436 2812 518 2900; x_wconf 91' lang='lat' dir='ltr'><strong>quod</strong></span> <span class='ocrx_word' id='word_1_202' title='bbox 552 2813 672 2900; x_wconf 86' lang='lat' dir='ltr'><strong>aliquae</strong></span> <span class='ocrx_word' id='word_1_203' title='bbox 706 2812 831 2896; x_wconf 69' lang='lat' dir='ltr'><strong>regulae</strong></span> <span class='ocrx_word' id='word_1_204' title='bbox 859 2812 1031 2896; x_wconf 72' lang='lat' dir='ltr'><strong>vprobibent¹</strong></span> 
     </span>
     <span class='ocr_line' id='line_1_31' title="bbox 113 2897 1029 2988; baseline 0.004 -24"><span class='ocrx_word' id='word_1_205' title='bbox 113 2899 268 2987; x_wconf 89' lang='lat' dir='ltr'><strong>aliquibus</strong></span> <span class='ocrx_word' id='word_1_206' title='bbox 290 2900 366 2967; x_wconf 93' lang='lat' dir='ltr'><strong>cibis</strong></span> <span class='ocrx_word' id='word_1_207' title='bbox 388 2903 442 2980; x_wconf 88' lang='lat' dir='ltr'><strong>uti,</strong></span> <span class='ocrx_word' id='word_1_208' title='bbox 454 2901 492 2965; x_wconf 91' lang='lat' dir='ltr'><strong>ad</strong></span> <span class='ocrx_word' id='word_1_209' title='bbox 508 2901 787 2988; x_wconf 86' lang='lat' dir='ltr'><strong>concupiscentiam</strong></span> <span class='ocrx_word' id='word_1_210' title='bbox 803 2897 1029 2968; x_wconf 77' lang='lat' dir='ltr'><strong>refrenandam.</strong></span> 
     </span>
     <span class='ocr_line' id='line_1_32' title="bbox 180 2987 1030 3076; baseline 0 -22"><span class='ocrx_word' id='word_1_211' title='bbox 180 2987 257 3054; x_wconf 89' lang='lat' dir='ltr'><strong>llinc</strong></span> <span class='ocrx_word' id='word_1_212' title='bbox 279 2990 428 3076; x_wconf 85' lang='lat' dir='ltr'><strong>estquod</strong></span> <span class='ocrx_word' id='word_1_213' title='bbox 451 2990 601 3056; x_wconf 86' lang='lat' dir='ltr'><strong>Dominus</strong></span> <span class='ocrx_word' id='word_1_214' title='bbox 623 2989 704 3056; x_wconf 88' lang='lat' dir='ltr'><strong>dicit:</strong></span> <span class='ocrx_word' id='word_1_215' title='bbox 727 2988 798 3054; x_wconf 85' lang='lat' dir='ltr'><strong>Non</strong></span> <span class='ocrx_word' id='word_1_216' title='bbox 826 2989 911 3073; x_wconf 86' lang='lat' dir='ltr'><strong>quod</strong></span> <span class='ocrx_word' id='word_1_217' title='bbox 931 2991 1030 3054; x_wconf 83' lang='lat' dir='ltr'><strong>intrat</strong></span> 
     </span>
    </p>
   </div>
   <div class='ocr_carea' id='block_1_2' title="bbox 111 3075 1028 3683">
    <p class='ocr_par' dir='ltr' id='par_1_2' title="bbox 111 3075 1028 3683">
     <span class='ocr_line' id='line_1_33' title="bbox 113 3075 1028 3164; baseline 0.003 -23"><span class='ocrx_word' id='word_1_218' title='bbox 113 3077 149 3141; x_wconf 84' lang='lat' dir='ltr'><strong>in</strong></span> <span class='ocrx_word' id='word_1_219' title='bbox 171 3095 206 3142; x_wconf 84' lang='lat' dir='ltr'><strong>oc</strong></span> <span class='ocrx_word' id='word_1_220' title='bbox 228 3080 405 3164; x_wconf 86' lang='lat' dir='ltr'><strong>coinquinat</strong></span> <span class='ocrx_word' id='word_1_221' title='bbox 426 3079 588 3154; x_wconf 84' lang='lat' dir='ltr'><strong>bominem,</strong></span> <span class='ocrx_word' id='word_1_222' title='bbox 604 3077 719 3153; x_wconf 75' lang='lat' dir='ltr'><strong>March,</strong></span> <span class='ocrx_word' id='word_1_223' title='bbox 733 3077 784 3156; x_wconf 76' lang='lat' dir='ltr'><strong>lli,</strong></span> <span class='ocrx_word' id='word_1_224' title='bbox 801 3078 853 3155; x_wconf 89' lang='lat' dir='ltr'><strong>ll;</strong></span> <span class='ocrx_word' id='word_1_225' title='bbox 864 3091 894 3142; x_wconf 92' lang='lat' dir='ltr'><strong>et</strong></span> <span class='ocrx_word' id='word_1_226' title='bbox 909 3075 1028 3144; x_wconf 90' lang='lat' dir='ltr'><strong>dicitur:</strong></span> 
     </span>
     <span class='ocr_line' id='line_1_34' title="bbox 116 3165 1028 3254; baseline 0 -22"><span class='ocrx_word' id='word_1_227' title='bbox 116 3165 216 3232; x_wconf 85' lang='lat' dir='ltr'><strong>Omne</strong></span> <span class='ocrx_word' id='word_1_228' title='bbox 237 3170 319 3254; x_wconf 83' lang='lat' dir='ltr'><strong>quod</strong></span> <span class='ocrx_word' id='word_1_229' title='bbox 344 3169 384 3232; x_wconf 91' lang='lat' dir='ltr'><strong>in·</strong></span> <span class='ocrx_word' id='word_1_230' title='bbox 398 3169 529 3234; x_wconf 86' lang='lat' dir='ltr'><strong>macello</strong></span> <span class='ocrx_word' id='word_1_231' title='bbox 550 3169 633 3233; x_wconf 80' lang='lat' dir='ltr'><strong>vernt</strong></span> <span class='ocrx_word' id='word_1_232' title='bbox 655 3169 846 3246; x_wconf 80' lang='lat' dir='ltr'><strong>manducate,</strong></span> <span class='ocrx_word' id='word_1_233' title='bbox 878 3165 958 3230; x_wconf 84' lang='lat' dir='ltr'><strong>nibil</strong></span> <span class='ocrx_word' id='word_1_234' title='bbox 980 3169 1028 3232; x_wconf 89' lang='lat' dir='ltr'><strong>in-</strong></span> 
     </span>
     <span class='ocr_line' id='line_1_35' title="bbox 114 3255 1027 3342; baseline 0.002 -22"><span class='ocrx_word' id='word_1_235' title='bbox 114 3265 304 3342; x_wconf 81' lang='lat' dir='ltr'><strong>tcrrcqcntea</strong></span> <span class='ocrx_word' id='word_1_236' title='bbox 323 3269 452 3340; x_wconf 80' lang='lat' dir='ltr'><strong>propter</strong></span> <span class='ocrx_word' id='word_1_237' title='bbox 473 3259 699 3332; x_wconf 83' lang='lat' dir='ltr'><strong>conecientium,</strong></span> <span class='ocrx_word' id='word_1_238' title='bbox 734 3257 748 3322; x_wconf 93' lang='lat' dir='ltr'><strong>l</strong></span> <span class='ocrx_word' id='word_1_239' title='bbox 783 3255 863 3334; x_wconf 73' lang='lat' dir='ltr'><strong>cor,</strong></span> <span class='ocrx_word' id='word_1_240' title='bbox 898 3256 1027 3334; x_wconf 67' lang='lat' dir='ltr'><strong>tuum</strong></span> 
     </span>
     <span class='ocr_line' id='line_1_36' title="bbox 113 3344 1026 3426; baseline 0 -16"><span class='ocrx_word' id='word_1_241' title='bbox 113 3359 145 3410; x_wconf 88' lang='lat' dir='ltr'><strong>et</strong></span> <span class='ocrx_word' id='word_1_242' title='bbox 167 3344 287 3410; x_wconf 82' lang='lat' dir='ltr'><strong>dicitur.</strong></span> <span class='ocrx_word' id='word_1_243' title='bbox 313 3345 421 3410; x_wconf 84' lang='lat' dir='ltr'><strong>Omnis</strong></span> <span class='ocrx_word' id='word_1_244' title='bbox 442 3357 586 3412; x_wconf 78' lang='lat' dir='ltr'><strong>nactum</strong></span> <span class='ocrx_word' id='word_1_245' title='bbox 607 3347 667 3412; x_wconf 85' lang='lat' dir='ltr'><strong>Dei</strong></span> <span class='ocrx_word' id='word_1_246' title='bbox 694 3344 774 3412; x_wconf 85' lang='lat' dir='ltr'><strong>bonu</strong></span> <span class='ocrx_word' id='word_1_247' title='bbox 795 3356 850 3426; x_wconf 83' lang='lat' dir='ltr'><strong>ert,</strong></span> <span class='ocrx_word' id='word_1_248' title='bbox 883 3355 913 3410; x_wconf 87' lang='lat' dir='ltr'><strong>ct</strong></span> <span class='ocrx_word' id='word_1_249' title='bbox 944 3345 1026 3422; x_wconf 34' lang='lat' dir='ltr'><strong>,nibil</strong></span> 
     </span>
     <span class='ocr_line' id='line_1_37' title="bbox 111 3434 1026 3592; baseline 0 -92"><span class='ocrx_word' id='word_1_250' title='bbox 111 3434 415 3592; x_wconf 47' lang='lat' dir='ltr'><strong>qejiTcimduqnhquod</strong></span> <span class='ocrx_word' id='word_1_251' title='bbox 436 3455 504 3500; x_wconf 90' lang='lat' dir='ltr'><strong>cum</strong></span> <span class='ocrx_word' id='word_1_252' title='bbox 525 3436 699 3522; x_wconf 81' lang='lat' dir='ltr'><strong>pretiorum</strong></span> <span class='ocrx_word' id='word_1_253' title='bbox 710 3435 829 3504; x_wconf 87' lang='lat' dir='ltr'><strong>actione</strong></span> <span class='ocrx_word' id='word_1_254' title='bbox 843 3434 1026 3520; x_wconf 82' lang='lat' dir='ltr'><strong>percipitur,</strong></span> 
     </span>
     <span class='ocr_line' id='line_1_38' title="bbox 186 3543 352 3600; baseline 0 -11"><span class='ocrx_word' id='word_1_255' title='bbox 186 3543 252 3599; x_wconf 83' lang='lat' dir='ltr'><strong>tm,</strong></span> <span class='ocrx_word' id='word_1_256' title='bbox 298 3571 306 3600; x_wconf 90' lang='lat'><strong>,</strong></span> <span class='ocrx_word' id='word_1_257' title='bbox 344 3572 352 3589; x_wconf 88' lang='lat'><strong>.</strong></span> 
     </span>
     <span class='ocr_line' id='line_1_39' title="bbox 204 3611 936 3683; baseline 0.001 -4"><span class='ocrx_word' id='word_1_258' title='bbox 204 3611 236 3679; x_wconf 65' lang='grc' dir='ltr'>ἃ</span> <span class='ocrx_word' id='word_1_259' title='bbox 265 3612 317 3678; x_wconf 73' lang='lat' dir='ltr'><strong>tn.</strong></span> <span class='ocrx_word' id='word_1_260' title='bbox 344 3612 487 3682; x_wconf 86' lang='lat' dir='ltr'><strong>Summae</strong></span> <span class='ocrx_word' id='word_1_261' title='bbox 502 3613 581 3681; x_wconf 82' lang='lat' dir='ltr'><strong>Phil.</strong></span> <span class='ocrx_word' id='word_1_262' title='bbox 605 3614 639 3683; x_wconf 89' lang='lat' dir='ltr'><strong>V.</strong></span> <span class='ocrx_word' id='word_1_263' title='bbox 662 3614 693 3682; x_wconf 72' lang='lat'><strong>2.</strong></span> <span class='ocrx_word' id='word_1_264' title='bbox 892 3611 936 3680; x_wconf 78' lang='lat' dir='ltr'><strong>ut</strong></span> 
     </span>
    </p>
   </div>
   <div class='ocr_carea' id='block_1_3' title="bbox 0 0 1262 3972">
    <p class='ocr_par' dir='ltr' id='par_1_3' title="bbox 0 0 1262 3972">
     <span class='ocr_line' id='line_1_40' title="bbox 0 0 1262 3972; baseline 0 5"><span class='ocrx_word' id='word_1_265' title='bbox 0 0 1262 3972; x_wconf 95' lang='lat' dir='ltr'><strong> </strong></span> 
     </span>
    </p>
   </div>
  </div>
 </body>
</html>
