2514 3972
233 203 236 230 i

219 245 285 316 stt
518 271 573 315 tru.
599 271 638 314 ιιι.
664 270 728 316 oto.
762 243 851 316 cxxtr.¹

218 343 261 409 ris
283 339 315 404 iu
338 357 401 425 quo
418 341 470 404 ¹est
492 352 521 406 et
543 339 621 405 ratio
655 339 820 427 perfectior
857 339 897 404 od
920 337 1140 406 instruentium

218 444 250 498 et
272 428 367 495 virtus
390 430 544 514 potentior
565 429 604 493 ad
628 429 852 514 castigandum.
875 427 1008 515 Oportet
1043 428 1140 514 igitur

216 521 249 586 itt
273 518 375 605 speeie
397 519 532 582 humana
556 537 619 582 trun
643 537 849 604 perparvum
889 531 1010 606 tempus
1046 517 1138 600 insis-

218 624 284 674 tere
308 607 493 692 promotioni
518 607 624 692 prolis,
647 607 726 672 siout
764 607 794 672 in
819 606 949 686 atibus,
988 607 1044 674 sed
1083 627 1140 694 per

216 715 367 783 magnum
389 697 521 782 spatium
545 697 634 762 tritae.

284 784 394 863 Unde,
432 805 504 851 oum
547 785 754 850 necessarium
778 786 816 850 sit
850 805 968 851 marem
1003 785 1139 851 feminae

217 893 416 944 commanere
438 875 468 938 in
493 875 637 939 omnibus
662 869 845 939 animalibus
869 895 1030 963 quousque
1046 879 1139 959 ‘opus
1244 891 1245 896 ’

216 966 310 1054 patris
334 963 540 1030 necessarium
564 977 615 1044 est
633 963 722 1049 proli,
759 963 899 1028 naturaie
932 978 977 1029 est
1016 963 1137 1030 homini

216 1054 311 1142 quod,
334 1071 398 1117 nou
422 1053 460 1118 ad
498 1052 655 1118 modicum
693 1066 826 1138 tempus,
863 1053 918 1117 sed
956 1053 1136 1118 diuturnam

216 1145 395 1210 societatem
418 1142 529 1208 habeat
553 1143 598 1207 vir
621 1141 660 1206 ad
690 1141 924 1206 determinatam
959 1142 1136 1208 mulierem.

216 1233 301 1298 Hane
325 1246 427 1298 autern
451 1231 883 1297 societatemmatrimonium
914 1251 1071 1298 vocemus.
1085 1230 1137 1296 Est

215 1323 309 1407 igitur
330 1322 561 1386 matrimonium
585 1319 702 1384 homini
726 1321 875 1396 naturale3
898 1335 929 1386 et
950 1320 1135 1386 torntearios

215 1411 323 1490 tuitus,
347 1411 399 1497 qui
423 1425 468 1475 est
504 1423 626 1496 praeter
663 1409 906 1488 matrimonium,
943 1424 989 1476 est
1026 1422 1136 1474 contra

216 1499 352 1566 hominis
375 1499 504 1575 hotrum;
527 1513 557 1600 οι
580 1511 705 1586 propter
728 1498 786 1564 hoe
803 1512 923 1586 oportet
939 1500 1042 1587 ipsum
1065 1515 1138 1564 esse

213 1603 387 1678 peceatum.

282 1679 345 1745 Neo
368 1693 471 1746 tamen
494 1689 614 1764 oportet
637 1675 771 1761 reputari
795 1676 862 1742 leve
888 1689 1049 1763 peceatum
1066 1696 1137 1742 esse

180 1794 181 1800 ¹
216 1767 241 1834 si
264 1769 333 1855 quis
356 1767 481 1832 seminis
504 1765 701 1831 emissionem
726 1779 869 1851 procuret
891 1780 1013 1853 praeter
1047 1763 1136 1830 debi-

217 1869 283 1922 tum
307 1855 513 1942 generationis
536 1868 565 1920 et
587 1854 778 1918 educationis
799 1855 905 1934 tinem,
927 1869 1053 1942 propter
1076 1853 1137 1919 hoe

217 1945 301 2032 quod
326 1959 378 2010 aut
400 1945 466 2009 lete
489 1957 541 2008 aut
571 1943 690 2008 nulium
729 1957 889 2028 peecatum
928 1957 974 2009 est
1006 1943 1032 2008 si
1066 1944 1137 2028 quis

216 2034 318 2121 aliqua
342 2035 388 2098 sui
412 2033 549 2119 eorporis
583 2045 669 2109 porte
703 2045 806 2096 utatur
838 2033 875 2097 ad
911 2033 1006 2098 alium
1043 2052 1136 2096 usum

207 2143 310 2210 quam
335 2123 468 2188 adeum
500 2121 538 2186 od
574 2141 666 2206 quem
705 2133 751 2184 est
785 2120 924 2186 ordinata
962 2119 1135 2187 seeundum

216 2227 370 2289 naturam,
395 2223 432 2276 ut·
450 2211 474 2276 si
498 2211 576 2296 quis,
600 2210 685 2275 verbi
710 2209 816 2292 gratie,
838 2211 982 2276 manibus
998 2208 1138 2274 ambulet

215 2316 268 2367 eut
291 2298 423 2389 pedibus
447 2313 592 2385 operetur
617 2297 731 2382 aliquid
755 2299 897 2364 monibus
930 2297 1136 2384 operandum

215 2391 286 2476 quia
311 2411 367 2476 per
389 2387 566 2472 hujusmodi
591 2388 780 2452 inordinatos
803 2409 876 2452 usus
899 2387 1017 2453 bonum
1033 2387 1136 2451 homi-

213 2479 262 2544 nis
285 2499 347 2543 non
370 2477 501 2542 muitum
521 2476 702 2562 impeditum
727 2476 898 2541 inordinata
915 2497 989 2542 vero
1003 2476 1134 2544 seminis

213 2567 338 2633 emissio
362 2569 513 2652 repugnat
526 2565 759 2641 honestumne,
772 2564 855 2650 quod
871 2579 917 2630 est
937 2563 1140 2631 eonsertntiu¹

214 2657 338 2744 spetiei3
363 2655 456 2734 unde,
479 2668 548 2742 post
570 2669 728 2741 peecatum
753 2654 997 2740 homicidiique
1020 2667 1133 2719 natura

214 2746 351 2812 humana
372 2743 436 2831 jam
460 2743 490 2807 in
515 2757 582 2808 actu
605 2744 738 2808 existens
760 2742 936 2818 destruitur,
953 2741 1132 2828 hujusmodi

215 2855 314 2939 genus
337 2833 451 2920 peceati
475 2831 596 2898 videtur
617 2831 787 2896 seeundum
812 2831 1045 2912 lucumonem,
1069 2849 1134 2918 quo

215 2919 383 3008 rmpeditur
405 2922 562 3008 generatio
586 2921 740 2986 humanae
762 2935 898 2986 naturae.

259 3014 341 3079 Haeo
363 3025 467 3078 autem
490 3029 570 3094 onae
592 3010 758 3096 praemissa
782 3023 851 3075 sunt
875 3009 976 3074 divina
1000 3007 1135 3074 auotori-

214 3115 276 3166 tate
299 3101 469 3167 firmentur.
493 3100 584 3182 Quod
607 3099 690 3164 enim
714 3098 839 3164 emissio
862 3098 987 3164 seminis
1010 3116 1047 3162 ex
1070 3117 1134 3182 quo

210 3191 314 3277 proles
337 3191 423 3276 sequi
447 3207 508 3253 non
534 3201 635 3274 potest
672 3188 711 3252 sit
748 3187 852 3252 iiiioita
888 3200 981 3274 patet3
1019 3185 1135 3250 dieitur

209 3281 303 3346 enim:
330 3280 407 3344 Cum
427 3279 566 3342 mareolo
589 3297 650 3340 uon
673 3277 910 3340 commiscearis
941 3277 1021 3339 coitu
1041 3275 1133 3360 semi·

208 3389 276 3441 ueo,
299 3369 371 3453 quio
395 3367 584 3432 obomiuutio
607 3377 661 3430 est.
689 3365 776 3429 Cum'
803 3365 886 3430 ononi
924 3384 1033 3448 pecore
1069 3381 1133 3428 nott

209 3457 314 3535 coibis,
337 3455 442 3534 Levit.‚
466 3455 517 3531 tu,
540 3457 593 3528 Ἡ,
616 3455 671 3532 te
693 3467 732 3540 et:
755 3454 860 3539 Neque
877 3455 1000 3531 molles,
1022 3472 1130 3534 neque,

211 3547 421 3611 musculorum
445 3543 572 3608 concubi
577 3555 701 3608 terea...
715 3563 841 3629 repetem
860 3544 918 3608 Dei
929 3540 1136 3628 possidebunt
