2462 3968
218 223 283 288 200
378 237 382 244 '
542 241 598 288 na.
622 241 662 286 ιιι.
686 239 750 287 ιιι.
773 241 851 288 nxtx.

218 311 330 378 virtute
353 305 433 376 illius
456 310 575 377 lotmae
598 323 768 394 separatae,
798 313 822 376 si
845 329 906 396 qua
930 311 970 377 sit
993 311 1071 390 talin
1097 329 1145 378 so

218 401 300 465 enim
324 419 418 484 agens
442 401 574 466 similam
597 397 738 464 elleotnm
763 399 821 466 sibi
852 399 1006 486 producit.

283 489 429 556 Similiter
455 491 548 554 etiam
572 507 630 554 nea
651 501 773 575 oportet
795 487 890 574 quod,
928 490 999 576 quia
1037 488 1140 556 omn's

217 579 295 646 actio
319 577 498 644 inferiorum
523 597 689 665 corporum
714 576 747 643 fit
772 598 826 663 per
849 577 1011 664 qualitates
1026 576 1141 643 entitas

216 682 246 734 et
269 669 413 754 passivas,
437 684 516 754 quae
539 680 611 731 sunt
634 665 813 746 accidentia,
831 749 833 752 Ι
852 687 915 732 non
951 666 1139 754 producatur

216 759 395 823 exactione
420 775 527 821 earum
552 755 608 819 nisi
632 755 784 832 aceldema
807 757 879 841 quia
909 753 980 821 illae
1018 755 1142 820 suntme

215 845 430 922 accidentales,
452 844 531 910 siant
553 855 719 922 causantur
741 863 757 908 a
796 843 896 910 lorma
934 843 1140 918 substantiali,

213 953 293 1019 quae
316 934 408 999 simul
430 951 501 998 aum
526 934 651 998 materia
675 946 721 996 est
742 933 1041 1020 oausapnnpriorum
1057 932 1137 998 aeti-
1221 955 1222 976 ι

215 1024 365 1100 dentium,
390 1023 427 1086 ita
453 1035 547 1107 agunt
570 1022 680 1086 virtute
693 1019 810 1088 formae
822 1019 1139 1107 substantialis;qmd

215 1126 318 1177 autam
343 1107 404 1196 agit
428 1113 458 1176 in
483 1113 593 1176 virtute
616 1109 741 1176 alterius
764 1111 905 1198 producit
929 1111 1076 1177 ellecttnn
1095 1110 1139 1174 si·

215 1201 331 1279 milam,
355 1219 417 1266 nnn
441 1199 499 1274 sibi
524 1214 654 1273 tantum,
688 1200 744 1265 sed
782 1202 880 1285 magis
915 1202 943 1266 ei
979 1201 1010 1266 in
1046 1197 1139 1283 cajus

214 1292 325 1355 virtute
347 1293 420 1375 agit,
442 1291 521 1354 siout
542 1309 580 1353 ex
604 1288 724 1354 actione
746 1289 942 1354 instrumenti
956 1289 989 1356 llt
1011 1291 1041 1354 in
1067 1285 1140 1360 trti7

214 1381 315 1446 ficiato
338 1379 506 1444 similitudo
542 1377 626 1454 attis3
649 1397 686 1442 en
722 1397 787 1463 qun
819 1380 959 1464 sequitat
992 1375 1072 1465 quud
1097 1397 1139 1441 ex

214 1471 334 1534 actione
350 1467 521 1533 formatum
538 1465 773 1532 accidentalium
790 1467 1003 1552 producuntur
1016 1467 1140 1532 lumea

213 1558 439 1635 substantiales,
477 1557 660 1640 inquantum
690 1568 788 1640 agunt
808 1555 1078 1623 instrumentaliter
1104 1557 1139 1619 in

215 1648 324 1736 virtute
347 1646 593 1712 substantialium
616 1642 797 1710 formatum.

280 1735 313 1800 ln
338 1734 522 1800 animalibus
545 1751 618 1797 vero
641 1753 720 1818 qaae
743 1751 780 1798 ex
797 1733 1017 1821 putrefactione
1035 1750 1140 1816 gene·

212 1839 329 1902 rantur,
353 1835 495 1888 causatur
519 1821 618 1886 forma
641 1822 848 1888 substantialis
871 1843 909 1888 ex
932 1833 1038 1908 agente
1058 1839 1141 1884 aor-

212 1914 321 2001 potali,
344 1913 457 1978 seilicet
479 1929 609 1997 corpore
632 1911 766 1990 caelesti,
796 1909 880 1998 quod
914 1922 961 1978 est
993 1908 1138 1997 ptimttm

121 2083 124 2090 ,
213 2004 356 2078 alterans3
376 1999 462 2066 unde
493 2011 613 2084 oportet
650 2000 733 2084 quod
772 2001 877 2066 omnia
915 1997 1064 2066 moventia
1091 1999 1138 2076 ad

211 2093 356 2165 formam,
379 2090 409 2154 in
434 2089 497 2154 istis
521 2087 729 2166 inlationibus,
752 2103 844 2174 agant
866 2091 897 2155 in
926 2091 1033 2155 naute
1048 2085 1140 2154 illius

211 2195 241 2248 et
264 2194 389 2266 propter
412 2178 471 2242 bae
493 2175 532 2241 ad
555 2176 770 2263 producendas
794 2179 912 2265 aliquas
935 2178 1047 2244 laamas
1069 2175 1136 2240 im-

211 2269 360 2358 perfectas
383 2265 493 2332 suffieit
516 2265 611 2330 viatus
634 2266 772 2332 caelestis
795 2267 912 2354 absque
936 2278 1043 2351 agente
1059 2265 1135 2329 uni-

210 2379 297 2435 voao;
321 2357 359 2420 ad
383 2354 597 2442 producendas
622 2369 726 2419 autent
765 2354 880 2421 laamas
920 2353 1134 2444 patientiores,

209 2448 289 2514 sieut
311 2457 381 2510 sunt
398 2445 520 2509 animae
535 2443 717 2508 animalium
732 2443 949 2531 perlectorum,
961 2441 1135 2530 requiritur

210 2557 281 2604 oum
306 2547 415 2618 agente
439 2533 562 2598 caelesti
592 2542 687 2617 agens
726 2533 903 2614 univocum
937 2533 1008 2598 talia
1043 2531 1133 2598 enim

210 2625 353 2692 animalia
377 2641 438 2688 non
462 2635 648 2708 generantur
671 2621 728 2687 nisi
752 2641 790 2686 ax
812 2624 982 2699 semine3et
1003 2633 1134 2708 propter

209 2715 269 2782 hoa
292 2713 365 2780 dieit
388 2711 564 2777 Aristoteles
586 2709 723 2796 (physio.
747 2711 779 2789 9,
811 2725 883 2776 text.
918 2729 1033 2776 comm.
1071 2709 1132 2795 t7)

163 2869 167 2874 .
209 2804 292 2894 quod
317 2804 411 2868 bomo
434 2811 561 2885 generat
585 2799 743 2864 bominem
767 2812 798 2864 et
820 2801 876 2866 sol.

275 2893 342 2957 Non
366 2903 411 2956 est
433 2900 535 2954 autem
560 2907 667 2952 verum
691 2887 774 2974 quod
798 2888 951 2974 quantitas
979 2885 1132 2974 impediat

208 2983 360 3050 actionem
386 2979 502 3045 tornae
525 2976 582 3042 nisi
606 2995 661 3062 pet
683 2977 836 3056 accidens,
860 2977 1045 3062 inquantum
1069 2977 1131 3042 sai·

208 3073 280 3139 licet
303 3070 404 3135 omnis
427 3069 580 3155 quantitas
604 3066 748 3130 continua
772 3081 817 3132 est
831 3065 1012 3144 inmateria3
1028 3065 1130 3130 intuta

209 3177 312 3228 autem
337 3160 368 3223 in
393 3157 520 3222 materia
544 3156 687 3230 existens,
709 3175 780 3220 eum
808 3157 844 3221 sit
873 3154 1003 3219 minoris
1025 3167 1131 3219 aetua-

208 3252 311 3328 litatis,
333 3261 379 3312 est
392 3265 447 3332 pet
458 3263 651 3329 consequens
675 3244 802 3310 minoris
826 3243 944 3309 vittatis
957 3244 988 3308 in
1005 3241 1130 3327 agendo

208 3340 292 3405 unde
315 3357 427 3422 antuus
451 3334 533 3420 quotl
558 3331 652 3398 babet
675 3333 776 3398 minus
798 3331 838 3398 de
861 3332 988 3398 materia
1012 3346 1043 3398 et
1059 3331 1129 3418 plus

209 3429 248 3494 de
271 3427 382 3500 laima,
404 3425 481 3489 sieut
504 3424 593 3510 ignis,
617 3435 663 3486 est
686 3421 782 3506 magis
806 3421 949 3494 nativum.

275 3513 441 3604 Supposito
465 3525 567 3577 autem
592 3510 685 3576 modo
709 3510 835 3577 aetionis
858 3529 952 3597 quam
976 3485 1076 3578 lerata
1096 3509 1130 3574 in
