2516 3968
203 211 285 276 dil¹
422 229 478 275 uo.
503 229 544 274 ιιι.
568 229 632 276 car.
655 229 753 276 cantv.
778 230 816 274 rr
843 227 925 275 extr.

200 301 253 376 eis,
275 299 316 364 ita
339 318 458 386 poenae
482 301 622 382 peccatis:
652 312 682 364 et
704 298 892 384 quibusdam
904 299 1034 385 peccatis
1060 319 1133 386 pro·

200 387 415 472 portionantur
436 407 555 474 poenae
576 388 793 474 sempiternae,
817 401 849 452 ut
882 400 1039 452 ostensum
1075 401 1132 454 est.

200 476 316 560 infligit
338 477 429 562 igitur
452 476 536 541 Deus
559 475 824 562 proquibusdam
860 475 992 563 peccatis
1015 496 1134 562 poenas

199 579 349 641 aeternas,
375 577 407 631 ut
429 565 551 630 debitus
588 564 665 630 ordo
702 579 841 631 servetur
873 565 906 630 in
936 565 1040 644 rebus,
1079 567 1134 652 qni

200 653 267 739 ejus
291 653 472 740 sapientiam
496 653 697 719 demonstrat.

265 742 297 808 st
321 742 390 828 quis
413 754 518 808 tamen
543 741 693 809 concedat
731 761 841 807 omnes
879 761 996 829 poenas
1031 741 1070 808 ad
1100 761 1135 806 e·
1239 795 1240 822 ,

198 831 429 898 mandationem
455 831 598 897 vitiorum
623 831 726 896 induci
750 844 781 896 et
804 850 865 895 non
890 841 1016 918 prepter
1039 831 1136 909 alind,

197 941 261 987 ιιοιι
286 934 389 986 tamen
413 933 539 1006 propter
562 919 621 985 boc
643 920 764 1004 cogitur
786 939 903 1006 ponere
927 939 1037 984 amares
1060 940 1133 1007 poe·
1161 956 1167 974 ·
1239 953 1240 1014 3

103 1072 107 1082 ,
198 1030 254 1076 nas
277 1011 468 1097 purgatorias
491 1021 522 1074 et
545 1007 752 1074 terminabiles
776 1028 852 1074 esse.
869 1007 947 1074 Nam
971 1021 1002 1074 et
1023 1028 1134 1074 secun·

197 1098 274 1164 dum
296 1097 380 1183 leges
404 1099 555 1162 humanas
593 1096 687 1183 aliqui
721 1109 821 1162 morte
848 1098 1028 1184 puniuntur,
1068 1118 1133 1162 non

197 1186 323 1274 quidem
346 1185 384 1252 ad
409 1185 660 1252 emendationem
697 1187 756 1263 sui,
790 1185 846 1250 sed
879 1185 1024 1264 allorum3
1058 1187 1133 1251 binc

197 1274 349 1361 estquod
373 1274 493 1340 dicitur:
518 1275 683 1340 Pestilente
719 1275 893 1359 (inpolluta,
929 1275 1043 1340 stultus
1076 1295 1131 1340 sn·
1167 1325 1170 1334 ,

194 1366 330 1450 pientior
353 1365 420 1442 erit,
444 1363 601 1441 Proverb,
627 1363 679 1442 tu,
700 1363 753 1429 ⁰25.
777 1363 911 1445 Quidam
949 1364 1041 1430 etiam
1080 1385 1132 1428 sc-

196 1452 333 1518 cundum
359 1453 510 1518 humanas
533 1453 617 1536 leges
656 1473 672 1517 a
707 1453 827 1518 ciuitate
860 1465 1009 1539 perpetuo
1039 1451 1134 1518 exilio

194 1541 412 1620 excluduntur,
436 1555 478 1620 ut,
501 1541 545 1607 eis
568 1541 741 1618 subtractis,
772 1541 876 1606 civitas
915 1542 1020 1627 purior
1058 1541 1131 1606 red·

193 1630 294 1706 datur3
317 1630 399 1695 unde
422 1629 542 1696 dicitur:
566 1628 650 1714 llja‘ce
672 1631 852 1704 derisorem,
874 1640 905 1694 et
941 1629 1037 1694 eaibt‘t
1058 1650 1129 1694 eum

191 1740 227 1784 eo
242 1721 393 1805 jurpium,
415 1719 633 1804 cessabuntque
649 1740 762 1786 causae
778 1730 807 1784 et
819 1719 1030 1798 contumeliae,
1046 1718 1124 1784 Pro·
1239 1747 1240 1792 ς

192 1810 289 1886 verb,
312 1809 365 1884 Ὦ,
390 1809 441 1874 10.
465 1808 547 1873 Nihil
571 1810 663 1890 igitur
687 1809 838 1894 probibet,
874 1809 966 1872 etiam
988 1809 1014 1872 si
1047 1827 1125 1894 pue·

191 1917 251 1962 nae
273 1897 397 1962 nonnisi
422 1897 461 1961 ad
484 1897 735 1962 emandationem
759 1917 882 1962 rnorurn
906 1895 1125 1976 adhibeantur,

193 1985 268 2072 quin
291 1986 462 2050 secundum
485 1985 622 2050 divinum
642 1985 794 2069 judicium
832 1984 926 2070 aliqui
949 1984 1083 2052 debeant
1107 2007 1126 2054 a

190 2074 336 2140 socictate
358 2074 512 2140 bonorum
537 2088 686 2160 perpetuo
709 2075 845 2160 separari
861 2087 892 2138 et
914 2074 1124 2140 inacteroum

190 2163 303 2250 puniri,
326 2176 359 2229 ut
381 2183 418 2228 ειι
442 2177 610 2250 perpetuae
634 2183 753 2249 poenae
770 2163 880 2228 timore
897 2162 1038 2228 homines
1051 2181 1123 2248 pec-

190 2272 260 2318 care
283 2253 432 2324 desietant
454 2266 485 2317 et
511 2253 664 2318 bonorum
681 2252 811 2317 societas
828 2249 935 2336 purior
957 2271 996 2316 ex
1012 2271 1123 2316 eorum

189 2343 383 2426 separatione
407 2339 563 2418 reddatur,
586 2341 664 2406 sicut
687 2339 807 2406 dicitur:
831 2339 901 2406 Νοιι
924 2338 1054 2404 intrabit
1090 2341 1123 2405 t'n

190 2449 269 2508 eam,
292 2429 370 2495 idest
393 2429 424 2494 in
447 2429 618 2494 Jerusalem
641 2429 817 2506 caelestem,
841 2447 897 2514 per
923 2448 1018 2514 quam
1041 2427 1125 2494 desi·

189 2531 300 2602 gnatur
321 2519 451 2584 sacietas
475 2517 639 2594 bonorum,
662 2518 790 2602 aliquod
817 2518 1047 2599 coinquinatum
1068 2529 1127 2584 aut

189 2605 450 2672 abominationem
471 2606 589 2692 faciens
612 2617 642 2670 et
662 2607 867 2684 menducium,
883 2607 988 2693 rlpoc,
1001 2605 1124 2685 2137.

500 2780 805 2851 CAPUTCXLV.

218 2961 307 3042 Quod
330 2970 457 3046 peccata
477 2961 648 3045 puniuntur
678 2959 771 3024 etiam
792 2980 851 3044 per
873 2961 1098 3044 caparientiam

515 3050 648 3134 alicujus
669 3049 790 3114 nonni.

250 3225 317 3290 Nun
354 3223 455 3291 solum
486 3237 588 3291 autem
623 3223 676 3310 qui
712 3235 821 3288 contra
855 3223 957 3289 Deum
992 3236 1122 3310 peccant

185 3314 334 3402 puniendi
357 3328 429 3380 suut
452 3335 507 3402 per
529 3315 588 3380 boc
622 3313 749 3400 quoda
786 3312 978 3378 beatitudine
1010 3331 1121 3399 perpe·

184 3419 238 3502 tuo
261 3401 470 3502 excludantur,
493 3403 547 3470 sed
571 3403 663 3469 etiam
698 3421 754 3490 per
771 3402 1028 3491 'experimentum
1063 3400 1119 3467 ali·

181 3511 272 3575 eurus
294 3510 407 3556 ιιιιειιι.
