2514 3972
230 223 294 290 520
532 243 588 290 tte.
613 247 651 291 ιιι.
676 245 740 290 oar.
763 245 823 290 ctu.

231 311 361 399 alicujus
383 315 590 400 corporis.Est
602 316 683 379 enim
702 315 760 380 lroc
780 316 810 379 in
828 312 939 380 virtute
954 313 1148 380 substantiae

229 401 393 488 spiritualis
416 418 536 471 creatae
551 417 584 469 ut
606 423 718 490 corpus
730 402 853 468 obediat
878 403 937 470 sibi
960 403 999 469 ad
1023 419 1148 470 motum

229 489 369 568 localenr;
393 492 547 559 movendo
569 505 672 558 autem
695 492 832 557 localiter
865 492 988 580 aliquod
1021 513 1149 580 corpus,

228 579 377 645 adhibere
401 596 501 668 potest
525 582 626 668 aliqua
650 581 831 646 naturaliter
846 583 944 646 activa
969 581 1148 647 adeliectus

228 667 346 754 aliquos
368 671 594 756 producendos,
606 670 684 734 sicot
706 671 798 735 etiam
811 689 859 734 ars
882 669 999 736 labrilis
1018 671 1147 736 adhibet

166 831 174 847 „
227 757 331 840 ignem
356 758 394 824 ad
418 759 680 825 mollificationem
703 757 789 824 lorri.
805 758 870 823 lloc
893 773 1075 824 autemnon
1098 775 1148 826 est

227 847 447 913 miraculosum
482 849 605 936 proprie
641 847 814 934 loquendo.
840 847 927 912 Unde
962 848 1148 933 relinquitur

227 935 311 1019 quod
345 937 533 1002 substantiae
566 937 739 1024 spirituales
773 949 893 1001 creatae
928 957 989 1001 non
1028 936 1146 1002 iaciunt

227 1023 386 1103 miracula,
409 1027 531 1112 propria
555 1028 674 1090 uirtute.
698 1025 776 1090 Dico
799 1039 902 1090 autem
937 1029 1061 1113 propria
1084 1026 1146 1090 uir·

229 1125 302 1189 tute,
340 1115 411 1200 quia
450 1115 528 1180 nihil
565 1115 708 1202 prohibet
741 1113 920 1199 hujusmodi
958 1117 1147 1181 substantias

226 1201 410 1285 spirituales,
434 1203 464 1267 iu
488 1217 637 1289 quantum
661 1217 756 1288 agunt
790 1205 899 1268 virtute
937 1203 1050 1282 divina,
1088 1207 1147 1268 mi·

226 1288 329 1355 recola
352 1291 463 1369 lacere;
487 1292 571 1378 quod
606 1295 697 1356 etiarn
736 1313 773 1356 ea
811 1293 871 1357 lroc
904 1291 1024 1356 ridetur
1060 1293 1146 1378 quod

221 1398 307 1464 hunus
343 1381 420 1446 ordo
458 1382 645 1468 Angelorum
684 1380 855 1467 specialiter
892 1379 1071 1466 deputatur,
1112 1397 1146 1446 ut

225 1464 393 1552 Gregorius
416 1469 488 1534 dicit
512 1469 573 1556 (l),
587 1469 625 1534 ad
649 1468 1029 1556 miraculalacienda‚qui
1052 1470 1149 1536 etiam

224 1555 371 1645 dicitffl)
398 1559 631 1646 quodquidam
666 1559 761 1623 sancti
803 1558 957 1623 interdum
995 1558 1146 1624 miracula

223 1643 339 1710 iaciunt
361 1667 398 1712 ex
423 1661 521 1734 potest
555 1670 582 1726 e,
606 1667 668 1711 non
703 1647 815 1734 solum¹
842 1667 880 1712 er
912 1647 1146 1713 intercessione.

289 1664 553 1804 Οοιιειιιιιιιιιιιιιιῖιι
578 1750 680 1801 tomen
703 1751 749 1802 est
765 1735 860 1822 quod,
876 1755 946 1800 com
963 1755 1013 1800 res
1025 1736 1147 1822 aliquas
1248 1781 1249 1814 ι

221 1824 376 1889 naturales
402 1825 450 1890 vel
477 1824 583 1912 lngcli
608 1825 656 1890 rel
689 1824 842 1890 demones
865 1824 1063 1890 adlribentad
1087 1825 1146 1890 ali·
1248 1825 1249 1848 ²

221 1931 304 1996 quos
322 1912 541 1980 determinatos
564 1914 700 1990 ellectus,
729 1927 855 1978 utuntur
892 1914 935 1978 eis
972 1915 1058 1999 quasi
1094 1914 1145 1978 in·
1248 1919 1249 1942 ³

220 2002 398 2066 strumentis
431 2002 876 2089 quibusdam,sicutmedicus
914 2003 1009 2066 utitur
1046 2016 1081 2066 ut
1110 2004 1145 2068 in

220 2089 400 2156 strumentis
421 2093 573 2179 aliquibus
608 2091 708 2156 verbis
736 2091 775 2155 ad
804 2089 988 2156 sonandum.
1012 2089 1056 2156 Ex
1094 2091 1144 2156 in·

218 2189 390 2245 strumento
414 2195 517 2247 autern
542 2179 682 2263 procedit
705 2199 767 2244 non
805 2180 906 2244 solnm
931 2199 1005 2244 suae
1036 2178 1143 2245 virtuti

218 2268 463 2354 correspondens
502 2268 638 2348 effectos,
676 2269 731 2333 sed
769 2269 861 2332 etiam
902 2266 1021 2354 aliquid
1059 2265 1142 2334 ultra

219 2356 377 2442 propriam
416 2359 569 2438 virtutem
606 2358 638 2422 in
676 2370 826 2442 quantum
867 2358 928 2440 agit
963 2359 995 2422 in
1030 2356 1144 2422 virtute

219 2443 396 2532 principalis
420 2451 549 2532 agentis
562 2466 647 2512 serra
664 2447 747 2511 enim
763 2459 792 2511 et
805 2447 921 2510 securis
937 2465 1001 2510 non
1013 2460 1145 2532 possunt

218 2529 320 2599 facere
343 2533 455 2600 lectum
480 2537 538 2602 nisi
562 2536 771 2622 inquantum
795 2547 890 2619 agunt
914 2547 947 2598 ut
970 2549 1072 2599 motae
1100 2535 1145 2600 ab

217 2635 283 2685 arte
321 2633 352 2686 et
388 2623 428 2688 ad
467 2625 560 2690 talem
599 2624 753 2701 ellectum,
791 2641 849 2688 nec
885 2623 970 2688 calor
994 2623 1144 2689 naturalis

216 2724 320 2794 posset
342 2731 468 2777 carnem
493 2733 644 2799 generare
666 2713 722 2776 nisi
754 2713 863 2777 virtute
892 2711 1015 2778 animae
1048 2731 1144 2796 vege-

217 2798 328 2877 tabilis3
352 2819 431 2886 quac
455 2804 553 2868 utitur
576 2803 642 2888 ipso
654 2801 740 2886 quasi
760 2801 897 2886 quodam
924 2801 1143 2866 instrumento.

216 2884 408 2955 Conveniens
422 2901 469 2954 est
484 2892 576 2976 igitur
591 2891 674 2976 quod
689 2909 728 2954 ex
743 2889 816 2976 ipsis
831 2889 925 2954 rebus
945 2888 1142 2957 naturalibus

215 2978 396 3060 proveniant
418 2979 512 3066 aliqui
536 2980 660 3045 altiores
687 2978 824 3052 effectus,
846 2997 884 3042 ex
910 2977 1142 3065 ltocqnodspi·

215 3064 340 3131 rituales
362 3067 551 3133 substantiae
573 3071 618 3134 eis
651 3079 780 3132 utuntur
816 3067 902 3152 quasi
926 3067 1143 3132 instrumentis
1245 3107 1246 3120 ι

214 3153 410 3237 quibusdam.
434 3155 485 3222 Sic
508 3177 596 3243 crgo,
617 3156 688 3222 licet
717 3155 793 3220 tales
816 3155 942 3220 erfectus
958 3155 1142 3244 simpliciter

214 3242 362 3308 miracula
400 3243 459 3322 dici
499 3266 562 3311 non
600 3245 728 3332 possint,
765 3244 837 3330 qnia
875 3263 913 3309 cr
943 3243 1139 3310 naturalibus

215 3332 315 3397 causis
338 3333 532 3418 proveniunt,
555 3334 712 3401 mirabiles
736 3347 841 3400 tamen
863 3331 1039 3399 redduntur
1078 3353 1140 3398 noe

249 3449 287 3516 (ll
305 3451 403 3508 Homil.
420 3453 464 3518 ll,
482 3457 511 3508 t'rt
529 3453 633 3527 Eoooq.

247 3521 289 3589 (2,
306 3523 393 3586 Diui„
412 3525 429 3578 l.
447 3525 477 3591 2,
499 3541 522 3581 u.
541 3523 586 3581 51.
