2514 3972
230 213 298 281 M
545 235 846 284 mmmm

230 313 350 389 paratas
374 303 439 372 site
461 307 583 391 eorpori
607 305 797 390 conjunctas,
821 306 860 374 sit
882 325 966 385 vera,
988 305 1067 376 haee
1107 322 1151 377 ta·

228 411 302 456 oren
325 395 436 479 positio
459 394 670 462 rationabilius
693 407 835 460 movetur
866 395 905 460 ad
939 396 1152 467 exhibendum

228 479 335 546 latriae
373 482 491 548 oultum
530 484 667 548 diversis.
709 483 891 550 Exitibendo
929 485 1014 552 enim
1041 485 1152 554 latriae

227 569 346 636 cultum
371 569 501 638 diversis
527 571 631 651 rebus,
669 570 813 638 videntur
853 571 902 658 (l)
938 575 992 640 uni
1025 595 1150 644 summo

226 657 294 724 Deo
318 659 440 726 latriam
466 659 624 739 exhibere,
650 660 689 726 ad
713 680 807 746 quem
832 663 1003 728 seeundum
1038 685 1149 730 eorum

226 748 411 833 positionem
435 748 576 814 diversae
595 763 697 835 partes
713 750 820 815 mundi
837 764 1058 838 comparantur
1070 754 1149 820 siout

225 835 264 900 ad
281 837 423 922 'animatu
447 838 582 904 bominis
606 839 725 904 diversa
748 839 886 927 eorporis
909 841 1061 908 membra.
1086 841 1149 910 Sed
1243 869 1244 874 ¹

224 925 318 991 etiam
340 927 370 992 ei
392 927 470 992 ratio
493 928 605 994 obviat.

289 1013 404 1080 Dicunt
427 1017 511 1081 enim
534 1014 653 1081 mundo
676 1035 739 1081 non
763 1035 831 1082 esse
852 1015 1069 1086 exhibendum
1103 1018 1148 1088 lo·

225 1103 301 1168 triae
324 1103 441 1170 cultum
459 1106 579 1170 ratione
600 1105 750 1190 eorporis,
773 1105 828 1170 sed
855 1104 975 1182 ratione
1012 1108 1148 1187 animae,

223 1211 318 1276 mam
342 1192 443 1258 Deum
467 1214 534 1260 esse
557 1194 672 1258 dieunt.
697 1193 780 1260 Lioet
802 1208 906 1260 autem
925 1213 1038 1280 eorpus
1053 1216 1148 1263 muo-

224 1280 255 1344 di
281 1281 432 1348 divisibile
455 1283 494 1348 sit
516 1284 547 1347 in
578 1295 679 1368 partes
713 1281 860 1358 diversas,
897 1283 1000 1348 anima
1039 1297 1146 1354 tamen

223 1369 415 1436 inditisibilis
457 1384 512 1438 est.
548 1371 615 1437 Nou
653 1383 700 1437 est
738 1372 830 1456 igitur
853 1371 1019 1440 divinitatis
1041 1375 1146 1444 cultus

222 1457 353 1524 diversis
375 1461 469 1526 rebus
489 1457 696 1540 exhibendus,
718 1461 773 1526 sed
796 1461 851 1526 uni
873 1475 1017 1528 tantum·

288 1547 409 1624 Adbuo,
448 1549 480 1614 Si
518 1549 654 1614 mundus
692 1549 817 1635 ponitur
849 1551 986 1616 animam
1023 1551 1144 1622 babere

224 1655 304 1722 quae
326 1651 424 1703 totum
452 1639 570 1704 animet
592 1651 624 1703 et
656 1657 766 1704 omnes
800 1652 901 1725 partes
935 1639 1042 1726 ipsius,
1075 1663 1143 1711 uon

223 1738 324 1811 potest
358 1729 417 1792 boe
441 1727 570 1812 intelligi
593 1728 632 1792 de
670 1727 773 1792 anima
808 1727 950 1794 nutritiva
985 1729 1033 1796 vel
1070 1751 1144 1798 sen·

221 1816 321 1892 sitiua,
345 1817 414 1900 quia
439 1817 551 1880 barum
575 1815 707 1902 partium
724 1817 848 1884 animae
864 1817 1060 1903 operationes
1075 1842 1142 1888 nou

125 1949 128 1958 ·
219 1917 399 1988 competunt
424 1907 569 1970 omnibus
593 1905 730 1992 partibus
754 1907 900 1970 universi.
927 1906 1007 1972 Dato
1045 1911 1143 1978 enam

220 1991 305 2077 quod
328 1992 463 2059 mundus
486 1994 614 2059 baberet
637 1995 773 2060 animam
796 1995 983 2064 sensitivam.
997 1996 1046 2062 vel
1085 2020 1144 2066 nu.
1243 2011 1244 2036 ι

221 2080 365 2160 tribuam,
389 2102 451 2148 non
475 2096 601 2170 propter
623 2081 803 2167 hujusmodi
826 2083 944 2148 animas
974 2083 1145 2160 deberetur

220 2169 248 2234 ei
272 2169 380 2236 latriae
402 2171 511 2247 cultus,
534 2172 613 2238 sieut
635 2191 692 2237 neo
730 2171 827 2238 brutis
865 2173 1053 2240 animalibus
1083 2197 1144 2244 nee

220 2257 341 2346 pluatis.
365 2259 559 2346 Relinquitur
581 2281 656 2346 orgo
691 2260 775 2347 quod
808 2261 869 2326 hoo
906 2263 989 2346 quod
1022 2263 1144 2345 dieunt,

220 2347 333 2427 Deum,
355 2349 405 2415 oui
428 2348 560 2415 debetur
597 2349 695 2428 latria
734 2367 803 2416 esse
837 2348 977 2416 animam
1017 2354 1148 2435 mundi,¹

220 2436 408 2521 intelligatur
430 2437 470 2503 de
492 2440 595 2504 anima
617 2437 827 2515 intelleettroli3
841 2438 1049 2524 quaequidem
1072 2444 1142 2510 ani-

219 2542 269 2591 rna
294 2545 357 2591 non
380 2539 426 2593 est
448 2526 597 2613 persentio
621 2529 897 2594 determinatarum
914 2529 1048 2616 partium
1071 2551 1142 2598 eor·

218 2616 312 2702 poris,
335 2616 391 2681 sed
414 2615 517 2702 aliquo
540 2615 636 2682 modo
660 2617 785 2703 respicit
809 2628 919 2695 totum;
935 2617 1018 2704 quod
1041 2619 1141 2688 etiam

218 2705 250 2770 in
273 2716 377 2770 nostra
400 2706 514 2785 anima,
537 2726 617 2792 quae
643 2718 690 2770 est
727 2704 912 2790 ignobilior,
945 2720 1037 2793 patot3
1075 2731 1142 2777 non

218 2793 302 2859 enim
322 2793 494 2862 intellectus
518 2795 612 2860 habet
639 2795 767 2880 aliquod
792 2813 945 2879 organum
967 2799 1143 2885 corporale,

218 2896 251 2947 ut
275 2883 423 2970 probatur
445 2883 477 2948 iu
501 2885 589 2950 tertio
611 2882 651 2948 de
673 2885 783 2948 Anima
819 2883 904 2968 (text.
938 2903 1055 2954 comm.
1094 2886 1142 2970 6).

217 2970 284 3038 Non
308 2971 401 3058 igitur
422 2973 616 3040 exhibendus
638 2986 718 3039 esset
750 2971 854 3039 cultus
888 2971 1055 3042 diuinitatis
1092 2977 1142 3043 di·

216 3061 310 3126 versis
344 3060 484 3147 partibus
519 3062 639 3141 mundi,
671 3059 729 3126 sed
769 3063 824 3126 toti
859 3061 988 3144 mundo,
1010 3079 1141 3154 propter

217 3149 353 3215 animam
374 3148 461 3234 ejus,
484 3151 656 3218 seeundum
679 3165 790 3216 eorum
814 3149 961 3218 radicem.

282 3237 433 3327 Amplius,
454 3238 486 3304 Si
509 3229 680 3306 seeundum
703 3258 813 3306 eorum
851 3240 1048 3322 positionem,
1077 3263 1142 3310 uua

216 3341 337 3394 tantum
359 3327 399 3394 sit
422 3329 527 3394 anima
550 3349 631 3415 quae
657 3342 757 3394 totum
782 3327 936 3396 mundum
959 3331 1077 3398 animat
1110 3347 1143 3399 et

216 3431 318 3502 partes
340 3435 451 3484 omnes
474 3417 569 3505 ipsius
603 3417 755 3508 (mundus
786 3429 891 3484 autem
929 3437 993 3486 uon
1027 3419 1143 3490 dieitur

269 3520 308 3590 (l)
331 3520 486 3587 Μυκη
504 3521 598 3592 Suppl
618 3525 641 3577 o*
656 3525 704 3594 qni
718 3523 961 3594 batwpou'liotteu
975 3531 1084 3582 inunt.
