2514 3972
219 209 286 280 ets
430 230 486 279 tm.
512 231 551 278 tn.
575 233 639 281 etr.
664 231 762 280 cxnttt.
789 231 825 281 er
848 234 942 281 cxxiv.

217 299 352 369 familiae
375 315 428 368 aut
450 303 545 368 civilis
568 305 732 369 societatis.
756 303 800 369 tu
825 301 1148 390 quosquidembouos
1243 329 1244 362 t

217 411 322 456 mores
344 393 476 479 pertinet
500 393 656 458 individua
680 391 856 478 conjunctio
880 393 974 458 maris
997 405 1029 457 et
1050 393 1146 460 lemi—
1243 419 1244 422 ¹

217 499 286 557 nae3
309 480 352 546 sie
376 482 459 546 enim
484 481 606 547 fidelior
628 503 716 547 emor
741 483 832 548 unius
856 481 896 547 ad
920 482 1052 547 alterum
1076 485 1147 563 erit,

216 567 292 634 dunt
315 586 562 654 cognoscentes
596 571 821 638 indivisibiliter
858 569 1051 656 conjunctum
1086 573 1146 638 erit

216 659 311 723 utiam
333 662 493 746 utriusque
515 661 674 726 sollicitior
696 681 768 726 cura
782 661 813 724 in
838 659 931 725 rebus
954 659 1145 740 domesticis,

215 746 291 813 dum
314 767 348 812 se
371 762 521 835 perpetuo
545 769 779 815 eomnrensuros
793 750 823 814 in
837 748 1019 814 earumdem
1036 769 1144 816 rerum

215 836 409 924 possessione
432 841 603 916 aestimatae
627 839 847 904 subtrahantur
877 837 969 902 etiam
1005 858 1043 903 ex
1081 837 1144 904 bec

216 924 441 990 discordiarum
466 929 613 1010 origines,
636 948 712 1014 quas
750 941 907 1014 oporteret
940 927 1093 1006 accidere,
1115 929 1142 994 si
1243 975 1244 986 η

216 1013 264 1078 uir
286 1032 415 1078 uxorem
439 1015 617 1093 dimitteret,
655 1018 734 1082 inter
768 1037 840 1082 eum
880 1031 909 1081 et
948 1017 1142 1103 propinquus

216 1101 331 1180 uxoris,
354 1115 384 1166 et
407 1103 439 1168 fit
462 1105 580 1171 firmior
603 1107 682 1171 inter
705 1103 810 1172 affines
841 1104 976 1182 dileeti03
989 1104 1140 1171 tolluntur

215 1191 308 1256 etiarn
333 1191 555 1259 adulteriorum
594 1195 782 1274 occasiones,
816 1214 897 1280 quea
930 1194 1091 1272 darentur,
1112 1193 1139 1260 si

215 1281 262 1345 vir
285 1301 412 1346 uxorem
437 1281 591 1348 dimittere
614 1297 717 1370 posset
741 1295 793 1348 aut
827 1305 845 1348 e
883 1303 1044 1360 censerem
1084 1304 1142 1371 per
1243 1331 1244 1340 η

215 1368 275 1434 boo
295 1370 381 1436 eninr
405 1375 530 1438 daretur
553 1373 601 1438 uia
624 1371 742 1438 facilior
771 1372 956 1438 sollicitandi
979 1373 1141 1438 matrimo-

217 1459 268 1525 nia
292 1459 403 1524 alienat.
1100 1481 1102 1484 ·
1150 1538 1153 1546 ,

280 1547 359 1613 llinc
381 1561 426 1613 est
449 1549 533 1635 quod
556 1549 679 1616 dieitur:
704 1549 781 1614 Dico
804 1563 907 1616 autem
944 1549 1041 1630 vobis,
1064 1551 1141 1636 petie

213 1637 395 1722 quicumque
416 1636 570 1702 dimiserit
591 1659 718 1704 umorem
740 1638 841 1718 tuam,
874 1641 937 1706 uisi
968 1638 1005 1704 ob
1036 1640 1142 1728 ¹soriti,-

215 1727 377 1804 rationem,
401 1738 432 1790 et
452 1729 551 1792 uliam
573 1729 707 1807 demerit,
729 1731 918 1804 moechatum
947 1740 978 1794 et
1014 1731 1065 1812 qui
1090 1731 1141 1794 di-

213 1817 343 1881 mietttm
365 1815 500 1895 duxerit,
523 1819 711 1894 mouebatur,
734 1817 850 1897 llattb,
875 1819 927 1897 ta,
949 1818 980 1894 9;
1018 1831 1057 1882 et:
1095 1820 1141 1886 Iis

213 1916 318 1970 eutem
339 1903 394 1988 qm
414 1907 613 1971 matrimonio
632 1908 730 1990 juncti
754 1920 835 1986 sunt,
870 1907 1042 1990 praecipio,
1076 1927 1139 1974 nou

212 2012 277 2078 epo,
299 1994 355 2058 sed
379 1993 540 2074 Dominus,
563 2015 691 2062 umorem
714 2015 736 2060 a
769 1997 837 2062 uiro
872 2017 934 2062 nou
967 1997 1140 2079 discedere,
1243 2027 1244 2030 ¹

214 2081 315 2148 lCor.
339 2081 374 2162 t,
398 2083 448 2149 tu.

277 2171 338 2238 Per
361 2175 420 2238 boc
443 2180 555 2238 autem
571 2173 744 2239 excluditur
771 2173 964 2240 consuetudo
981 2163 1141 2240 dimitteu-
1243 2167 1244 2174 '

212 2262 289 2327 tium
313 2281 437 2342 uxores,
460 2263 545 2346 quod
567 2275 668 2328 temen
693 2263 724 2327 in
738 2264 832 2328 veteri
846 2263 914 2348 lege
930 2265 1141 2350 praemissum

210 2350 268 2415 fuit
288 2349 414 2416 ludaeis
437 2367 564 2438 propter
586 2371 695 2417 corum
720 2351 875 2430 duritiam,
911 2353 982 2438 quia
1021 2351 1140 2419 seilicet

210 2439 299 2524 proni
323 2453 411 2504 erant
434 2439 474 2503 ad
497 2441 681 2506 occisionem
697 2459 839 2520 uxorum,
856 2443 1042 2521 permissum
1059 2461 1138 2528 ergo

210 2527 267 2592 suit
289 2529 391 2594 miuus
415 2527 531 2594 malum
556 2529 594 2593 ad
619 2529 847 2595 excludendum
871 2530 971 2616 majus
1005 2529 1140 2596 mulum.

498 2665 670 2734 CAPUT
711 2665 841 2736 CXXIV.

212 2825 300 2908 Quod
323 2829 555 2894 matrimonium
577 2825 690 2892 debeat
723 2847 786 2892 esse
823 2829 914 2894 unius
948 2829 993 2894 ael
1028 2851 1137 2898 utram.

213 3008 215 3013 ·
275 2967 545 3034 Considerandum
569 2979 673 3030 autem
691 2966 813 3032 videtur
835 2967 920 3053 quod
933 2969 1074 3035 innatum
1087 2985 1137 3037 est

209 3057 365 3123 mentibus
389 3058 530 3124 omnium
555 3055 735 3120 animalium
770 3077 850 3143 quae
884 3059 967 3123 coitu
1007 3073 1136 3126 utunurr

209 3146 294 3234 quod
306 3147 496 3212 consortium
520 3146 712 3230 incompacti
736 3165 798 3210 non
822 3147 1135 3232 compatiuntunun-

210 3237 250 3300 de
272 3249 399 3322 propter
422 3236 538 3300 coitum
562 3253 687 3320 pugnae
710 3235 740 3299 in
764 3235 954 3300 animalibus
990 3238 1134 3304 eristum.

207 3325 244 3390 Et
266 3327 393 3411 quidem
415 3337 566 3409 quantum
590 3323 629 3388 ed
667 3322 772 3390 emnia
811 3323 956 3390 animalia
991 3340 1038 3390 est
1072 3346 1134 3392 utra

208 3414 382 3478 eommunis
412 3413 500 3490 ratio,
523 3413 595 3498 quia
634 3411 793 3497 quodlibet
827 3414 942 3478 animal
979 3413 1135 3482 desiderat

153 3491 157 3502 ’
207 3501 305 3564 libere
327 3501 388 3564 lrui
411 3501 567 3587 voluptate
589 3501 697 3582 coitus,
720 3505 798 3568 siout
822 3515 852 3567 et
869 3502 1025 3592 uoluptate
1060 3503 1135 3583 eibi,
