2494 3970
190 290 192 294 .
230 229 273 292 ot
474 247 530 294 sin.
555 249 595 293 m.
621 249 684 294 oto.
707 248 755 295 xx
780 249 817 294 er
839 249 898 294 xm.

231 327 336 382 careat
358 336 438 419 quae
461 317 530 382 ad
523 319 620 404 ipsius
644 318 811 382 bonitatem
843 315 1052 418 requiruntur;
1074 317 1155 384 sicut
1238 347 1239 372 ι

229 407 325 472 homo
347 406 411 492 qui,
434 406 547 472 virtute
571 405 730 494 spoliatus,
753 407 833 472 vitiis
858 420 903 472 est
926 403 1081 490 subjectus
1104 405 1155 471 di·

229 495 308 560 citur
330 494 458 581 quidem
491 494 593 561 bonus
627 495 800 562 secundum
834 495 920 582 quid,
954 495 1113 560 scilicet
1105 516 1155 559 ru-

229 596 378 670 quantum
402 597 448 649 est
471 604 526 649 ens
548 597 578 649 et
599 584 781 671 inquantum
805 597 852 649 εει
874 585 981 659 homo,
1017 604 1082 650 uon
1106 597 1154 648 ta-

228 691 302 738 men
326 673 426 738 bonus
448 673 638 759 simpliciter,
661 673 716 738 sed
740 673 837 757 magis
861 674 971 738 maius.
1003 672 1070 738 Non
1093 673 1151 758 igi·
1238 719 1239 722 ,

228 774 276 826 tur
300 762 426 828 cuilibet
449 774 659 827 creaturarum
684 761 767 828 idem
791 774 929 828 estesse
954 773 998 836 et
1032 762 1152 826 bonum

228 871 295 916 esse
318 850 506 938 simpliciter,
528 851 599 916 licet
621 851 776 936 quaelibet
799 871 907 917 eurum
931 849 1013 916 bona
1043 851 1153 915 sitin·

228 951 379 1024 quantum
403 951 458 1016 est3
481 940 548 1005 Deo
572 959 645 1004 tero
669 940 848 1025 simpliciter
880 939 962 1006 idem
997 952 1044 1004 εει
1081 959 1151 1005 εεεε

228 1041 259 1092 ει
281 1048 349 1094 εεεε
371 1027 489 1093 honum
512 1029 701 1115 simpliciter.
726 1029 757 1093 Si
781 1043 885 1094 cutem
909 1049 958 1094 res
991 1027 1150 1114 quaelihet

230 1115 327 1180 tendit
350 1117 380 1182 in
404 1116 525 1182 divinae
560 1117 703 1182 bonitatis
741 1117 975 1182 similitudinem
1014 1117 1092 1182 siout
1114 1117 1147 1180 in

228 1204 390 1270 fiuem—
412 1205 533 1271 divinae
556 1221 658 1270 autem
683 1206 810 1272 bonitati
828 1208 1013 1272 assimilatur
1032 1205 1148 1291 aliquid

228 1306 379 1380 quantum
402 1295 440 1359 ad
464 1295 567 1359 omnia
607 1315 687 1381 quac
725 1294 765 1359 ad
798 1297 955 1382 propriam
995 1295 1150 1380 pertinent

228 1382 406 1458 bonitatem3
431 1383 550 1448 bouitas
576 1399 679 1448 autem
702 1384 747 1448 rei
765 1403 834 1449 non
872 1383 1021 1449 solum
1015 1405 1044 1448 tn
1081 1403 1150 1448 esse

227 1491 284 1536 suo
307 1473 453 1552 consistit,
475 1472 584 1538 sedin
607 1472 766 1538 omnihus
775 1472 841 1537 aliis
865 1493 944 1559 quae
978 1471 1017 1537 ad
1057 1492 1146 1537 suam

227 1559 449 1646 perfectionem
472 1562 681 1646 requiruntur,
706 1575 739 1626 ut
762 1574 920 1628 ostensum
945 1575 990 1626 εει
1011 1597 1056 1608 -
1080 1581 1147 1625 ma-

228 1648 372 1716 nifestum
396 1665 442 1715 est
465 1650 548 1735 quod
571 1671 620 1714 res
644 1650 804 1716 ordinatur
827 1651 856 1714 iu
880 1651 982 1715 Deum
1012 1649 1090 1714 sicut
1112 1651 1146 1714 in

227 1738 334 1818 finem,
356 1761 421 1804 nott
444 1740 544 1804 solum
569 1739 739 1804 secundum
762 1759 829 1804 esse
857 1738 1075 1815 substantiales
1090 1741 1146 1804 sed

228 1827 320 1892 etiam
343 1828 516 1894 secundum
539 1848 575 1892 ee
605 1848 685 1912 quae
718 1830 747 1892 ei
781 1827 924 1894 accidunt
961 1829 1146 1915 pertinentia

227 1915 266 1979 ad
290 1915 541 2001 perfectionem
534 1917 639 2002 ipsius,
674 1930 704 1982 et
736 1918 829 1982 etiam
866 1917 1038 1982 seeundum
1073 1937 1147 2002 pro-

226 2005 325 2088 priam
348 2007 571 2093 operationem,
600 2026 678 2091 quae
701 2007 794 2072 etium
817 2007 965 2094 pertinet
1002 2005 1041 2072 ad
1076 2027 1147 2092 per
1236 2051 1237 2066 t

170 2128 171 2133 κ
226 2091 389 2160 sectionem
414 2095 467 2160 rei

442 2312 443 2318 κ
534 2273 705 2340 CAPUT
752 2273 832 2339 XXI.
933 2345 935 2350 ,

368 2450 458 2530 Quod
480 2473 530 2517 res
553 2451 718 2516 intendunt
740 2451 913 2516 assimilari
936 2451 1001 2516 Deo

450 2542 484 2605 t'n
511 2542 567 2606 hoc
589 2541 672 2624 quod
694 2553 767 2606 tuot
789 2560 911 2606 cottone.

288 2715 331 2782 En
354 2716 401 2782 his
423 2729 527 2782 eutem
550 2730 677 2803 apparet
699 2718 782 2802 quod
806 2739 855 2783 res
893 2717 1056 2796 intendunt
1094 2717 1144 2781 di·

223 2807 327 2959 vppam
349 2805 580 2872 similitudinem
604 2806 696 2872 etiam
719 2808 751 2872 in
775 2807 834 2872 hoo
849 2806 1142 2893 quodeuntoeusae

223 2917 239 2960 a
253 2915 365 2960 torum.

287 2983 400 3048 Tendit
422 2983 504 3048 enim
529 2984 559 3048 in
573 2983 708 3048 divinam
725 2983 957 3050 similitudinem
970 3003 1021 3049 res
1036 2995 1140 3048 creatu

221 3093 276 3157 per
300 3093 388 3137 suam
412 3072 632 3160 operationem.
657 3073 717 3137 Per
738 3095 826 3138 suam
849 3086 953 3138 eutem
984 3072 1140 3159 operatio·

220 3182 292 3225 nem
317 3182 379 3226 unc
403 3181 451 3226 res
475 3162 508 3238 nt
531 3181 621 3226 causa
645 3162 780 3227 alterius.
804 3163 883 3246 Ergo
907 3163 937 3225 in
962 3161 1137 3226 boeotiam
1238 3177 1239 3198 ³

220 3270 269 3314 res
292 3248 455 3314 intendunt
478 3250 613 3316 divinam
637 3251 873 3317 similitudinem
911 3261 944 3314 ut
976 3251 1038 3316 sint
1071 3249 1138 3314 aliis

221 3359 341 3403 causae.

286 3425 404 3506 Adhuc,
427 3427 486 3492 Res
507 3429 671 3494 intendunt
692 3429 724 3494 in
747 3429 882 3494 divinem
904 3426 1136 3493 similitudinem

219 3517 402 3602 inquantum
427 3516 540 3603 (Deus)
564 3518 743 3596 estonum,
767 3533 915 3605 utsupra
939 3517 1054 3584 dictum
1091 3530 1138 3582 est
