2452 3970
397 275 452 318 tre.
477 273 517 318 nr.
541 269 604 318 cnr.
629 271 699 318 rt..
938 253 1002 318 tut

88 340 159 406 tides
180 341 386 426 magisltabet
398 343 606 427 cognitionem
630 337 746 404 nuditui
761 338 893 405 similem
911 360 1006 427 quam

89 431 203 496 visioni.
228 431 295 496 Non
321 447 423 496 autem
447 431 586 496 crederet
609 429 719 515 aliquis
757 447 820 493 non
845 429 927 508 visis,
965 431 1005 495 ab

59 549 64 560 ·
85 519 185 604 aliquo
209 521 384 608 propositis,
407 521 464 585 nisi
490 520 665 585 aestimaret
689 537 761 581 eum
786 516 1005 603 perfectiorem

84 608 290 693 cognitionem
316 610 430 675 habere
453 609 492 674 de
522 607 686 695 propositis
720 625 814 692 quam
849 607 915 693 ipse
950 608 1006 672 ha·
1083 657 1085 664 .

83 695 152 761 beat
174 699 229 784 qui
253 719 315 763 non
340 699 431 763 videt.
456 700 514 762 Aut
538 699 629 782 igitur
653 695 824 760 aestimatio
849 696 1005 762 medentis

82 799 126 851 est
147 785 236 863 falsa,
259 800 312 852 aut
335 801 456 874 oportet
472 786 555 873 quod
579 804 757 872 proponens
782 783 896 850 habeat
935 807 1004 871 per·

82 873 242 942 sectionem
266 877 475 960 cognitionem
515 873 876 961 propositorum3quod
915 890 945 940 et
980 875 1005 940 si

81 964 146 1049 ipse
169 987 234 1030 non
260 987 315 1052 per
337 987 370 1030 se
393 965 494 1030 solum
514 964 671 1048 cognoscit
694 983 744 1041 eu,¹
765 963 820 1026 sed
855 965 942 1050 quasi
966 965 1005 1029 ab

82 1052 186 1138 aliquo
210 1055 271 1121 alio
294 1055 422 1119 audiens
446 1055 508 1140 (l),
533 1074 594 1118 non
612 1065 710 1139 potest
724 1053 782 1116 lroc
799 1051 830 1116 in
849 1052 1004 1118 infinitum

82 1143 264 1225 procedere;
287 1157 367 1208 esset
391 1143 474 1207 enim
499 1163 595 1207 vanus
619 1156 649 1206 et
673 1141 789 1226 absque
823 1141 1006 1208 certitudine

83 1229 153 1295 fidei
178 1253 334 1312 assensum
358 1253 419 1298 uon
444 1233 528 1297 enirn
570 1231 760 1295 inveniretur
791 1229 916 1316 aliquod
946 1233 1005 1318 pri-

83 1340 169 1385 murn
209 1342 246 1387 en
287 1341 320 1386 se
358 1336 488 1399 certum,
514 1320 597 1408 quod
623 1319 839 1384 certitudinem
853 1319 924 1384 fidei
941 1340 1007 1385 cre·

83 1407 222 1474 dentium
246 1409 380 1487 afferret3
403 1423 529 1474 nonest
553 1409 636 1473 enirn
662 1407 821 1494 possibile¹
849 1407 920 1473 fidei
955 1430 1006 1474 co·

83 1499 256 1580 gnitionenr
279 1519 347 1564 esse
371 1499 480 1563 falsam
506 1517 607 1582 neque
632 1517 761 1576 ranam,
778 1509 810 1562 ut
843 1517 880 1561 ex
919 1497 1006 1564 dictis

84 1589 238 1672 patet(l.
264 1589 292 1662 l,
317 1588 476 1672 c.fi);et
500 1587 685 1671 tamenfil),
708 1586 733 1650 si
757 1599 838 1649 esset
863 1584 954 1651 falsa·
976 1601 1007 1651 et

84 1693 171 1754 vana,
194 1679 226 1742 in
250 1675 500 1760 talicognitione
532 1674 658 1741 felicitas
696 1695 759 1738 nou
798 1687 901 1760 posset
933 1695 1006 1740 eon-

87 1763 201 1830 sistere.
228 1767 279 1830 Est
302 1766 395 1850 igitur
418 1765 518 1850 aliqua
546 1764 678 1828 irorninis
704 1763 838 1848 cognitio
877 1763 915 1828 de
938 1764 1005 1830 Deo

86 1852 173 1920 altior
197 1855 375 1939 cognitione
401 1854 484 1928 fidei,
507 1853 571 1918 sire
595 1855 661 1938 ipse
699 1855 794 1918 homo
828 1873 1006 1939 proponens

86 1941 178 2007 fidem
203 1943 382 2008 immediate
421 1943 523 2006 videat
562 1945 731 2020 veritatem,
769 1943 847 2006 sicut
886 1941 1006 2008 Christo

86 2031 251 2112 eredimus,
274 2033 337 2096 sive
361 2053 377 2096 a
402 2033 527 2096 ridente
551 2031 729 2096 immediate
768 2031 909 2117 accipiat,
929 2033 1008 2096 sicut

86 2119 241 2186 eredimus
266 2121 416 2207 Apostolis
440 2127 470 2184 'et
493 2119 664 2206 Prophetis.
680 2119 757 2184 Cum
771 2119 864 2203 igitur
880 2121 910 2183 iu
924 2141 1007 2185 sum-

88 2227 135 2272 ma
159 2210 216 2275 [tet
240 2210 417 2294 cognitione
440 2208 567 2274 felicitas
591 2209 728 2273 hominis
763 2209 920 2286 consistat,
955 2211 1012 2274 im·

87 2300 231 2380 possibile
245 2312 292 2364 est
306 2299 389 2384 quod
414 2298 559 2363 consistat
583 2299 612 2361 in
638 2297 713 2361 fidei
736 2296 921 2382 cognitione.

151 2389 300 2474 Amplius,
325 2387 384 2452 Per
400 2387 586 2465 felicitatem,
610 2405 680 2450 cum
706 2387 743 2450 sit
780 2385 907 2450 ultimus
930 2385 1011 2460 finis,

88 2477 226 2542 naturale
249 2477 437 2542 desideriunt
462 2476 624 2561 quietatur.
649 2475 792 2558 Cognitio
816 2491 919 2540 autem
937 2471 1010 2542 fidei

89 2582 149 2629 non
172 2567 288 2653 quietat
310 2565 508 2643 desiderium,
532 2565 586 2628 sed
611 2565 708 2646 magis
732 2565 833 2649 ipsum
859 2565 1009 2642 accendit,

90 2653 158 2736 quia
183 2656 397 2741 unusquisque
421 2655 576 2718 desiderat
599 2653 703 2718 videre
726 2652 808 2736 quod
822 2653 928 2718 credit.
945 2653 1012 2718 Non

91 2755 134 2805 est
164 2744 256 2828 igitur
280 2745 311 2808 in
334 2745 508 2828 cognitione
522 2740 592 2806 fidei
607 2742 713 2806 ultime
727 2741 861 2805 hominis
875 2741 1012 2806 felicitas.

153 2831 328 2910 Praetereo,
352 2833 494 2914 Cognitio
518 2831 557 2894 de
581 2830 648 2895 Deo
673 2830 754 2894 dicta
779 2842 825 2893 cst
863 2828 943 2905 finis,
966 2832 1013 2894 in-

91 2935 236 2999 quantum
261 2922 370 2986 ultimo
395 2921 448 2984 tini
472 2939 588 2996 rerum,
614 2917 819 2997 scilicetDeo,
842 2917 1013 3002 conjungit.

89 3002 146 3072 Per
160 3011 367 3095 cognitionem
399 3024 503 3074 autern
539 3008 611 3072 fidei
642 3028 706 3072 non
743 3007 777 3072 lit
813 3026 862 3072 res
897 3007 1012 3073 credita

144 3131 185 3200 (l)
206 3131 279 3200 Quod
297 3138 321 3184 et
339 3134 363 3184 si
386 3135 441 3201 ipse
459 3148 509 3184 non
538 3129 624 3181 solum
653 3132 781 3199 cognoscit
811 3145 877 3195 eo...,
902 3129 919 3180 i.
947 3146 969 3182 e.
993 3133 1014 3183 si

91 3199 142 3268 ipse
155 3219 303 3274 proponens
322 3219 375 3254 non
394 3204 525 3271 cognoscit
542 3215 571 3252 ca
592 3217 639 3270 per
659 3217 686 3253 se
705 3201 797 3268 solum,
817 3201 863 3253 sed
884 3205 1015 3270 cognoscit

93 3285 121 3324 eu
138 3278 213 3342 quasi
232 3276 369 3344 abaliquo
387 3277 438 3328 clio
451 3275 585 3328 audieus...

143 3344 183 3414 tf)
201 3346 234 3398 Et
254 3354 366 3400 tornea...
386 3347 512 3414 intellige:
525 3343 551 3396 Si
571 3358 634 3395 vero
651 3340 713 3394 fidei
732 3341 845 3409 cognitio
857 3349 924 3396 esset
949 3343 1015 3398 falsa

94 3417 205 3484 divana,
225 3425 287 3470 tunc
306 3433 359 3469 non
378 3424 465 3487 posset
482 3415 599 3468 concludi
619 3419 807 3484 proponentem
838 3413 935 3466 habere
953 3432 1013 3486 per·

94 3479 222 3540 tectiorem
246 3493 441 3562 propositorum
456 3489 638 3556 cognitionem3
657 3484 702 3537 scd
733 3490 807 3553 patet
825 3485 895 3554 quod
923 3485 950 3538 iu
969 3487 1015 3539 tali

95 3560 246 3628 cognitione,
262 3559 327 3617 falsa
340 3567 367 3614 et
380 3577 456 3631 rouo,
473 3560 582 3613 felicitas
595 3573 648 3610 nou
663 3563 751 3628 posset
763 3556 912 3610 consistere.
