2462 3968
186 210 250 276 aad
285 265 291 294 p
415 228 471 273 trs.
494 229 535 274 ιιι.
559 228 622 276 cnr.
645 229 721 276 actv.
744 231 780 276 rr
802 231 869 276 xcv.

185 317 297 364 causac
333 307 363 362 et
385 296 469 362 modi
492 298 624 378 essendi,
647 313 679 366 ut
702 320 739 365 ex
774 299 950 386 praemissis
990 304 1033 388 (c.
1058 299 1101 364 tt

185 402 215 452 et
236 389 336 472 seqq.)
359 399 451 472 patet,
472 406 534 452 non
557 389 693 472 sequitur
716 389 810 475 quod,
847 389 872 455 si
912 392 1019 453 omnia
1043 387 1103 452 Dei
1208 433 1211 442 .

136 515 143 522 -
187 474 376 562 providentia
399 488 541 560 aguntur,
563 477 639 541 nibil
664 474 714 562 (l)
737 478 775 542 sit
798 479 829 542 in
846 477 1002 555 nobis3sic
1016 478 1104 542 enim

186 577 257 630 sunt
280 585 297 628 a
320 563 385 628 Deo
409 565 527 650 provisa
551 576 584 630 ut
606 587 661 652 per
683 587 739 632 nos
762 566 859 632 libere
882 567 966 632 liant.

252 652 356 740 Neque
379 655 471 717 ctiam
487 653 698 720 defectibilitas
713 676 876 721 causarum
892 655 1103 720 secundarum

138 812 140 818 ,
188 742 299 828 quibus
336 741 541 807 mediantibus
574 743 698 809 effectus
733 744 853 810 divinae
889 745 1104 832 providentiae

186 831 408 918 producuntur,
430 831 644 896 certitudinem
668 833 878 919 providentiae
913 847 1013 918 potest
1048 855 1105 898 au·

189 920 281 996 ierac,
303 932 336 984 ut
358 919 463 1004 quinta
486 925 563 984 ratio
586 921 782 1007 procedebat,
808 943 879 986 curn
914 923 980 1008 ipse
1018 922 1106 989 Deus

111 1027 115 1034 ’
191 1009 223 1074 in
246 1007 389 1074 omnibus
410 1023 553 1090 operetur
575 1023 605 1074 et
628 1030 683 1095 pro
706 1032 762 1076 suo
786 1011 913 1076 arbitrio
936 1011 1108 1076 ¹uoluntatis

190 1111 337 1184 utsupra
359 1100 401 1182 (c.
424 1097 466 1162 70
490 1111 520 1162 et
541 1099 643 1184 seqq.)
667 1113 824 1166 ostensum
862 1115 917 1178 est;
956 1102 1042 1165 unde
1067 1101 1107 1166 ad

190 1186 256 1272 ejus
280 1186 502 1272 providentiam
537 1189 666 1272 pertinet
704 1201 737 1253 ut
772 1209 879 1254 causas
917 1188 1109 1256 defectibiles

192 1275 378 1362 ‹puoudoquc
399 1275 478 1340 sinat
500 1273 645 1355 deiicere,
678 1275 864 1364 quandoque
902 1298 954 1342 eas
989 1279 1108 1366 absque

193 1363 313 1428 delectu
336 1375 504 1429 conservet.

258 1452 299 1517 Eu
323 1473 394 1517 vcro
417 1471 497 1538 quae
519 1450 556 1516 ad
571 1454 781 1519 necessitatem
804 1455 1109 1540 provisorumaDco

195 1554 319 1629 possent
341 1541 457 1607 assumi
477 1561 515 1606 ex
536 1542 717 1607 certitudine
739 1544 886 1610 scientiae
898 1565 990 1632 supra
1006 1544 1108 1609 soluta

193 1645 275 1709 sunt,
298 1651 368 1697 cum
390 1629 429 1696 de
451 1629 508 1695 Dei
530 1631 654 1695 scientia
678 1647 829 1718 ageretur.

502 1805 670 1900 onrur
713 1807 800 1877 xcv.

199 1983 288 2066 Quod
309 1984 508 2050 immobilitas
538 1985 661 2050 diuinae
689 1987 905 2070 prouidentiae
941 1988 1114 2053 utilitatem

458 2075 606 2140 orationis
617 2095 678 2140 non
699 2077 843 2142 excludit.

264 2251 466 2319 Considerate
488 2253 579 2318 etiarn
605 2265 724 2339 oportet
743 2254 837 2341 quod,
875 2254 952 2321 sicut
990 2253 1117 2319 divinae

201 2343 410 2428 providentiae
433 2341 630 2408 immobilitas
652 2346 863 2409 necessitatem
886 2344 980 2409 rebus
1011 2343 1117 2429 provi·

198 2433 239 2495 sis
262 2451 324 2496 non
347 2430 486 2517 imponit,
508 2431 548 2496 ita
571 2432 662 2496 etiarn
684 2451 743 2498 nec
766 2433 911 2498 orationis
949 2432 1117 2498 utilitatem

198 2517 341 2586 excludit.
364 2520 432 2585 Non
455 2520 538 2586 euim
562 2519 601 2585 ad
624 2521 683 2586 boc
705 2522 802 2587 oratio
825 2521 865 2586 ad
891 2522 992 2586 Duum
1009 2518 1117 2585 lundi-

199 2621 248 2673 tur
272 2621 305 2673 ut
336 2623 458 2675 aeterna
497 2607 705 2696 providentiae
739 2610 897 2697 dispositio
931 2611 1119 2676 immutetur

199 2698 274 2782 (hoe
296 2699 378 2763 enim
402 2698 590 2784 impossibile
623 2695 693 2780 est),
731 2699 786 2764 sed
820 2712 853 2764 ut
890 2699 1002 2786 aliquis
1036 2698 1117 2763 illud

125 2817 127 2824 ·
199 2785 282 2872 quod
304 2788 455 2853 desiderat
479 2801 657 2873 assequatur
680 2809 696 2852 a
719 2787 795 2852 Deo.

268 2876 328 2942 Piis
351 2878 433 2942 enim
456 2875 614 2942 desideriis
637 2877 791 2941 rationalis
821 2890 979 2942 creaturae
1001 2896 1118 2942 conre-

199 2965 289 3030 niens
311 2965 461 3054 estquod
484 2965 567 3032 lteus
590 2967 742 3043 assentiat,
766 2986 828 3030 non
852 2979 1010 3053 tamquam
1033 2965 1118 3032 desi·

200 3055 284 3120 deria
307 3069 410 3122 nostra
433 3068 577 3130 moveant
597 3053 789 3120 immobilem
804 3053 983 3131 Dcum‚sed
1006 3075 1044 3120 cx
1060 3075 1119 3120 sua

202 3145 339 3210 bonitate
351 3144 489 3232 procedit
502 3157 535 3209 ut
549 3143 766 3209 convenienter
782 3143 952 3210 desiderata
969 3143 1118 3231 perficiat.

202 3232 280 3298 Cum
303 3237 386 3299 enim
409 3233 514 3300 omnia
537 3233 716 3298 naturaliter
738 3231 855 3297 bonum
880 3233 1068 3308 desiderent,
1085 3245 1121 3298 ut

202 3343 294 3408 supra
318 3325 360 3410 (c.
389 3323 447 3410 nt)
481 3321 643 3410 probatum
667 3335 723 3399 est,
746 3320 785 3386 ad
822 3321 1120 3405 supereminentiam

203 3427 305 3478 autem
329 3412 450 3478 divinae
477 3411 620 3477 bonitatis
644 3411 794 3497 pertineat
809 3409 893 3496 quod
909 3431 976 3477 esse
992 3425 1023 3476 et
1038 3411 1121 3475 bena

256 3516 296 3587 tt)
314 3515 393 3572 Nibit
410 3521 446 3573 n't
464 3519 493 3570 in
511 3517 591 3584 notis,
610 3515 627 3568 i.
646 3529 669 3568 e.
686 3515 751 3570 nihil
767 3515 801 3572 sit
818 3516 847 3571 in
872 3521 963 3572 nostra
981 3519 1121 3588 potestate.
