2462 3968
225 218 291 284 968
491 237 546 280 tm.
577 236 617 282 m.
648 234 711 280 etr.
739 232 856 280 trram.
946 293 948 301 ,

225 305 277 370 dat
300 304 388 370 nobis
411 305 553 372 virtutem
576 303 711 377 volendi„
735 323 798 370 non
837 313 940 368 autem
980 303 1024 368 sic
1062 305 1150 390 quod

225 394 315 460 iaciat
338 411 394 460 nos
417 394 495 460 velle
519 395 578 460 hoc
601 394 660 459 vel·
686 393 773 472 illud,
808 391 887 460 sicut
920 389 1073 478 Origenes
1097 414 1151 460 ex-

227 484 312 571 ponit
335 484 397 570 (l),
418 483 550 548 liberum
574 482 736 549 arbitrium
760 480 932 551 deiendens
963 493 1071 547 contra
1096 503 1153 548 an·

224 573 380 638 ctoritates
402 573 582 659 praedictas.
606 572 640 636 lit
663 591 700 636 ex
723 571 783 638 ltoc
821 570 1006 658 processisse
1028 571 1154 640 videtur

226 663 331 746 opinio
355 661 574 746 quorumdam,
598 660 650 747 qui
674 659 817 726 dicebant
847 659 932 746 quod
956 661 1154 746 providentia
1225 723 1226 750 ,

227 771 292 816 non
314 764 360 816 cst
383 750 422 814 de
446 749 492 816 lris
515 749 738 836 quaesubsunt
754 750 854 818 libero
871 749 1007 822 arbitrio,
1034 751 1155 816 scilicet
1225 757 1226 760 ’

146 891 149 896 .
227 839 267 904 da
290 837 502 913 electionibus,
525 838 580 904 scd
602 839 719 924 (quod)
741 837 933 925 providentia
968 836 1155 905 relerturad

228 929 395 994 exteriores
418 941 555 1007 eventus,
579 948 643 994 non
680 927 763 994 enim
802 927 855 1013 qui
893 926 988 1012 elegit
1024 927 1156 1014 aliquod
1225 927 1226 936 ‘

228 1017 375 1101 consequi
401 1015 448 1081 vel
472 1017 630 1102 pedicare,
655 1029 726 1102 puta
764 1015 928 1082 aedificare
968 1017 1016 1081 vel
1048 1016 1156 1096 ditari,

229 1125 352 1191 semper
375 1105 486 1188 poterit
508 1107 546 1172 ed
578 1107 638 1172 ltoe
672 1107 844 1193 pervenire3
883 1119 912 1170 et
946 1105 989 1171 sic
1021 1119 1155 1172 eventus

229 1195 385 1259 actionum
409 1208 583 1261 nostrarum
608 1216 671 1262 non
694 1193 855 1280 subjacent
875 1194 974 1260 libero
1013 1193 1155 1273 arbitrio,

231 1283 285 1348 sed
310 1283 499 1367 providentis
523 1285 728 1370 disponuntur
750 1285 813 1370 (l).

298 1371 545 1458 Quibosquidem
568 1373 799 1439 auctoritatibus
833 1392 938 1438 sacrae
976 1371 1156 1458 Scripturae

232 1461 382 1526 resistitur
405 1461 573 1528 evidenter.

296 1550 414 1616 Dicitur
436 1551 530 1617 enirn:
558 1551 671 1616 Omnia
693 1569 789 1630 opera
810 1560 920 1616 nostro
952 1547 1101 1634 operante
1124 1571 1157 1615 es

229 1638 328 1716 anobis,
353 1640 493 1720 Domine,
517 1640 598 1718 lsai,
621 1640 675 1718 26,
699 1641 751 1717 tn
774 1638 857 1704 uude
882 1659 943 1704 non
969 1639 1071 1704 solum
1096 1641 1158 1704 vir·

230 1741 327 1792 tutem
351 1728 474 1794 volendi
499 1750 516 1794 a
541 1730 608 1794 Deo
632 1729 796 1808 hebernus,
828 1727 884 1794 sed
918 1728 1012 1792 etiam
1049 1749 1158 1816 opera·

229 1817 355 1882 tionem.

297 1905 471 1986 Praeterea,
494 1906 558 1972 lloc
582 1907 685 1994 ipsum
709 1905 793 1992 quod
816 1903 963 1970 Salomon
975 1903 1060 1971 dicit:
1075 1905 1158 1986 Quo·

283 2101 320 2169 (Ι)
340 2084 410 2170 Περὶ
434 2087 527 2170 Ἀρχ.,
546 2101 564 2152 l.
583 2099 608 2152 5.

283 2175 322 2242 (2)
342 2173 456 2226 Adverte
475 2173 545 2242 quod
565 2174 590 2224 iu
611 2171 772 2242 istocapite,
791 2171 859 2224 sicut
877 2171 905 2222 in
933 2170 1101 2239 praecedenti
1133 2177 1159 2222 et
1225 2201 1226 2224 t

230 2245 409 2316 sequentibus
429 2247 600 2313 reperiuntur
619 2243 747 2312 principia
766 2242 908 2295 secundum
922 2257 989 2310 quae
1003 2242 1029 2294 S.
1042 2243 1158 2295 Thomas
1225 2231 1226 2264 ³

229 2319 307 2370 solvit
325 2316 491 2385 quaestiones
509 2316 541 2366 de
560 2315 685 2367 relatione
703 2314 806 2366 divinae
824 2314 1004 2382 providentiae
1031 2330 1092 2366 cum
1112 2313 1159 2366 ho·
1225 2335 1226 2382 1

230 2390 308 2440 minis
327 2387 409 2438 libero
428 2387 546 2451 arbitrio,
567 2392 592 2437 et
611 2401 658 2455 per
676 2399 837 2454 consequens
856 2385 983 2437 maximas
1011 2401 1080 2454 quae
1098 2401 1152 2437 mo-

229 2466 331 2510 rantur
348 2457 511 2511 difficultates
529 2458 596 2509 circa
615 2457 820 2508 conciliationem
832 2457 932 2524 gratiae
962 2455 1066 2508 divinae
1094 2473 1152 2509 cum
1225 2459 1226 2528 l

229 2531 352 2584 libertate
372 2527 502 2588 hnmanae
519 2529 668 2582 voluntatis.
688 2528 735 2580 Hic
752 2528 963 2580 adversariorum
997 2527 1152 2594 doctrinam,
1225 2547 1226 2582 t

230 2601 373 2654 secundum
393 2597 513 2667 Origenis
530 2600 695 2670 positionem,
712 2598 839 2664 confutat,
852 2598 973 2652 attierens
987 2599 1062 2652 istius
1084 2603 1155 2670 prin·

231 2675 338 2743 cipium,
358 2671 454 2723 scillcet
473 2671 546 2740 quod
569 2689 582 2718 u
600 2671 671 2723 Deus
689 2676 780 2722 causat
798 2669 825 2721 iu
844 2670 919 2723 uobis
945 2669 1011 2722 velle
1042 2677 1068 2722 et
1097 2689 1156 2741 per·

230 2745 316 2810 licere,
336 2744 492 2812 inquantum
512 2742 557 2793 dat
577 2742 652 2794 nobis
671 2743 796 2794 virtutem
815 2742 927 2807 volendi,
946 2757 999 2793 non
1017 2747 1107 2794 autern
1121 2744 1156 2796 sic
1225 2803 1226 2812 ἵ

230 2816 301 2885 q'uod
320 2814 397 2866 iaciat
416 2829 462 2866 nos
480 2813 545 2868 velle
564 2811 672 2866 bouvel
690 2813 754 2864 illud
766 2832 791 2862 n.
805 2811 987 2882 Quodquidem
996 2813 1156 2883 principium

230 2886 404 2940 diversimode
422 2885 449 2936 in
477 2884 650 2936 sextodecimo
680 2884 782 2938 saeculo
812 2890 977 2950 renovatum,
996 2883 1113 2938 infinitas
1131 2893 1157 2938 et

230 2958 392 3011 acutissimas
407 2971 492 3024 usque
511 2954 596 3006 adhuc
614 2955 755 3014 suscitavit
784 2957 984 3021 controversias,
1004 2957 1073 3007 inter
1092 2973 1157 3026 quas

231 3030 256 3082 S.
269 3029 385 3080 Thomas
402 3027 495 3096 positio
505 3025 644 3078 verissima
663 3026 845 3094 tutissimeque
859 3033 985 3080 remanet.
1002 3026 1027 3080 S.
1041 3026 1158 3080 Thomae

230 3101 341 3153 dicimus
361 3098 525 3168 positionem,
545 3112 597 3148 nnn
617 3097 732 3148 omniurn
761 3098 816 3164 ejus
835 3099 1001 3162 asseclarum;
1019 3098 1158 3166 Angelicus

230 3174 300 3224 enim
323 3172 428 3234 Ductor,
447 3169 525 3238 hujus
544 3168 729 3220 conciliationis
747 3171 903 3237 mysterium
912 3168 1046 3222 affirmans
1064 3175 1091 3221 et
1110 3171 1159 3222 sal·

229 3259 306 3308 vans,
325 3243 397 3294 illius
416 3240 526 3293 modum
546 3255 593 3308 nec
610 3241 722 3294 inveniri
741 3255 788 3292 nee
805 3241 884 3292 etiam
902 3240 958 3292 sine
986 3241 1105 3309 periculo
1122 3243 1160 3292 in·

231 3315 303 3384 quiri
324 3327 399 3383 posse
419 3318 505 3381 pariat,
525 3311 588 3363 dum
607 3313 662 3380 ejus
682 3311 825 3364 adversarii
842 3319 869 3364 et
886 3312 957 3363 inter
976 3312 1032 3378 ejus
1050 3313 1159 3364 asseclas

230 3387 309 3438 nimis
329 3385 414 3450 multi,
433 3399 493 3436 curn
511 3385 650 3435 temerarie
668 3383 802 3436 voluerint
818 3383 885 3435 hanc
908 3383 1086 3452 quaestionem
1106 3383 1160 3435 elu-

230 3457 330 3520 cidare,
349 3456 376 3506 in
396 3455 479 3507 multa
497 3455 563 3522 lapsi
582 3461 644 3506 sunt
674 3455 892 3522 inconvenientia,
922 3454 956 3508 ab
984 3455 1041 3524 ipso
1070 3461 1158 3508 sancto

231 3527 346 3579 Doctore
366 3525 484 3594 praevisa
501 3531 527 3575 et
545 3523 690 3592 indigitata.
