2452 3970
853 159 864 192 t

410 266 465 310 cin.
490 265 530 310 tn.
555 264 619 310 mn.
645 266 692 310 ιιι.
946 247 1009 311 ldb

91 339 196 402 stantia
220 335 323 403 ereata
347 334 385 400 ad
409 334 494 399 illam
516 334 666 400 visionem
690 335 849 421 perveniat
871 335 929 400 nisi
953 358 1010 425 pec

90 428 242 494 actionem
266 424 411 490 divinam.
997 453 1005 462 ι

149 515 271 593 Adbuc,
294 514 318 578 si
341 514 442 599 aliqua
465 511 529 578 duo
552 511 687 578 debeant
709 510 747 576 ad
765 511 897 578 invicem
913 534 1008 600 copu-

87 604 150 682 lari,
175 624 310 691 quocum
333 621 430 668 unum
453 601 492 666 sit
514 600 644 666 formale
679 613 709 664 et
732 599 815 666 aliud
840 603 1010 678 materiale,¹

86 707 207 779 oportet
222 691 306 780 quod
318 690 473 778 copulatio
485 710 594 756 eorum
607 689 768 777 copuletur
785 710 839 775 pec
855 692 1009 758 actionem

85 803 165 868 quae
188 797 236 848 est
258 802 295 846 ex
318 793 405 869 parte
428 778 495 865 ejus
517 779 601 866 quod
614 792 660 844 est
671 777 812 851 formale,
824 801 888 844 non
904 793 1009 847 autem

85 891 138 956 per
162 872 317 937 actionem
341 868 406 956 ejus
429 867 514 954 quod
537 881 585 933 est-
606 867 775 940 materiale;
799 867 899 934 lorma
924 871 1008 936 enlm

85 973 129 1024 est
159 960 346 1045 principium
386 956 507 1044 egelidi,
535 957 673 1022 materia
708 976 782 1021 vero
820 958 1006 1045 principium

85 1049 232 1132 patiendi.
255 1047 300 1112 nd
334 1049 394 1112 boc
428 1059 531 1112 autem
565 1044 648 1132 quod
681 1043 853 1111 intellectus
887 1063 1008 1115 creatus

84 1137 184 1202 videat
209 1137 267 1202 Dei
291 1136 505 1212 substantiam,
540 1149 661 1221 oportet
684 1133 768 1219 quod
805 1135 868 1222 ipsa
897 1133 1007 1204 ⁴divina

85 1227 219 1292 essentia
242 1226 403 1312 copuletur
426 1224 593 1289 intellectui
617 1235 650 1287 ut
672 1222 771 1289 lorma
796 1225 1005 1308 intelligibilis,

83 1315 161 1381 sicut
185 1315 350 1406 probatum
374 1327 420 1379 cst
443 1318 494 1399 (c.
520 1313 587 1388 bl).
610 1312 678 1378 Non
695 1312 844 1397 estigitur
861 1317 1004 1400 possibile

84 1403 121 1468 ad
146 1404 229 1470 banc
256 1404 404 1469 visionem
442 1401 594 1489 perveniri
631 1401 670 1466 ab
708 1401 811 1489 aliquo
849 1403 1004 1470 intellectu

84 1509 187 1568 creato
210 1492 270 1558 nisi
295 1491 524 1579 peractionem
548 1489 693 1554 divinam.

150 1582 240 1660 ltem,
262 1581 353 1663 Quod
377 1593 421 1646 est
447 1599 503 1667 per
524 1598 558 1644 se
581 1599 672 1644 causa
696 1591 742 1643 est
764 1577 831 1664 ejus
853 1581 937 1666 quod
960 1597 1007 1648 est

84 1690 138 1755 per
160 1671 256 1737 aliud.
280 1670 453 1735 intellectus
487 1682 589 1732 autem
624 1666 746 1732 divinus
781 1689 836 1753 pec
868 1671 1006 1757 seipsum

85 1759 221 1826 divinam
245 1760 409 1826 essentiam
433 1755 525 1834 vidae
548 1776 621 1821 nam
636 1755 809 1822 intellectus
825 1757 946 1826 divinos
962 1774 1009 1826 est

85 1848 146 1934 ipsa
171 1848 304 1916 essentia
328 1848 441 1925 divina,
463 1867 524 1933 qua
548 1845 605 1910 Dei
628 1845 796 1912 substantia
820 1847 957 1934 videtur,
974 1865 1008 1916 ut

86 1937 251 2020 probatum
274 1949 321 2003 cst
344 1936 378 2020 (l.
405 1936 434 2014 l,
449 1955 476 2000 c.
490 1935 562 2015 45).
575 1934 750 2000 Intellectus
766 1950 868 2002 autom
886 1953 1008 2005 careatus

86 2026 166 2092 videt
190 2027 327 2092 divinam
351 2025 552 2091 substantiam
577 2043 633 2110 per
656 2024 820 2090 essentiam
838 2025 895 2091 Dei
918 2030 1007 2113 quasi

86 2135 139 2198 per
162 2115 247 2181 aliud
279 2135 362 2180 ase.
386 2115 467 2179 llaec
489 2113 582 2197 igitur
604 2113 680 2179 visio
704 2133 766 2178 non
791 2127 890 2198 potest
914 2117 1006 2182 adve-

87 2205 150 2269 nire
173 2203 341 2270 intellectui
366 2216 470 2268 creato
494 2201 550 2267 nisi
575 2206 805 2288 peractionem
830 2203 899 2268 Dei.

154 2293 328 2371 Praeterea,
351 2289 508 2378 Quidquid
532 2290 651 2357 excedit
671 2291 784 2356 limites
806 2291 934 2378 alicujus
950 2316 1005 2362 na·

87 2392 171 2447 turae
195 2401 258 2448 non
281 2395 380 2470 potest
413 2381 470 2446 sibi
493 2378 639 2445 advenire
672 2380 729 2445 nisi
763 2400 818 2468 pec
850 2383 1003 2453 actionem

81 2469 214 2550 alterius,
236 2472 314 2536 sicut
330 2491 408 2556 aqua
431 2489 494 2536 non
517 2469 614 2534 tendit
629 2489 751 2534 sursum
769 2470 825 2534 nisi
842 2472 1001 2560 abaliquo

84 2557 141 2624 alio
164 2573 258 2626 mota.
282 2559 394 2626 Videre
410 2572 512 2624 autem
529 2559 586 2624 Dei
599 2558 801 2624 substantiam
814 2563 1012 2642 transcendit,

81 2644 191 2715 limites
229 2649 330 2714 omnis
351 2663 479 2714 natutae
511 2660 650 2726 creatam
683 2668 755 2712 nam
787 2649 912 2716 cuilibet
945 2672 999 2716 na·

84 2749 168 2802 turae
191 2737 386 2804 intellectuali
415 2749 536 2802 creatae
559 2737 719 2823 proprium
756 2751 802 2802 est
839 2752 873 2803 ut
910 2739 1001 2804 intel-

82 2821 152 2908 ligat
174 2826 345 2892 secundum
368 2825 497 2892 modum
524 2845 599 2890 suae
624 2825 829 2903 substantiam
860 2827 1001 2893 substan-

85 2912 122 2977 tia
145 2929 249 2981 autem
272 2915 375 2981 divina
409 2935 471 2979 non
505 2927 604 3001 potest
626 2915 670 2980 sio
691 2913 832 2999 intelligi,
854 2929 887 2979 ut
909 2937 1002 3002 supra

85 3015 240 3070 ostensum
263 3019 309 3070 est
331 3007 387 3090 (c.
412 3002 491 3087 ta).
527 3001 718 3090 impossibile
741 3016 787 3068 est
815 3003 908 3087 igitur
933 3015 1012 3092 pei*

86 3091 178 3158 veniri
201 3093 241 3158 ab
264 3095 367 3180 aliquo
390 3092 545 3158 intellectu
572 3105 675 3156 creato
710 3090 749 3156 ad
783 3092 933 3158 visionem
957 3096 1003 3160 di-

85 3178 171 3246 vinae
193 3183 380 3250 substantiae
393 3182 450 3246 nisi
463 3201 518 3267 pec
540 3182 694 3245 actionem
717 3180 785 3257 Dei,
801 3181 852 3268 qui
876 3202 1002 3252 omnem

85 3284 254 3336 creaturam
276 3269 474 3337 transcendit.
750 3273 753 3276 ’

149 3359 224 3425 ilinc
247 3360 397 3448 estquod
422 3357 542 3426 dicitur:
569 3357 681 3424 Gratia
706 3358 763 3424 Dei
784 3360 849 3425 cito
864 3373 1002 3440 aelmon,

88 3440 186 3527 Rom,
205 3450 236 3528 6,
259 3450 311 3516 23.
336 3451 368 3514 ln
391 3449 458 3536 ipsa
492 3450 575 3514 enirn
599 3447 701 3514 divina
724 3449 841 3515 visione
865 3451 1003 3517 ostendi-

89 3549 153 3600 mus
175 3557 241 3606 essc
272 3539 404 3606 bominis
437 3536 670 3620 beatitudinem,
694 3558 773 3627 quae
797 3537 877 3620 vitae
899 3554 1012 3620 aetem.
