2514 3972
411 271 467 316 tra.
491 270 531 316 ur.
556 271 619 317 cnr.
645 269 725 314 aura.
965 251 1030 318 509

104 361 159 428 per
180 339 375 419 intellectum
398 340 632 426 apprchendere
655 337 817 424 possimus3
831 351 930 424 potest
941 342 1025 406 euim

102 430 235 516 intelligi
261 451 279 496 a
302 429 391 496 nobis
414 427 498 514 quod
520 429 604 494 Deus
626 428 785 494 homiuem
810 447 847 492 ex
871 440 950 495 terra
974 431 1029 496 ab·

104 542 180 608 squc
203 520 329 586 semine
365 516 486 583 formet.
525 517 628 584 Potest
662 517 753 600 igitur
789 516 874 581 Deus
909 532 1031 604 practer

105 611 290 676 inferiores
309 628 418 675 causas
455 606 598 672 effectum
635 603 695 670 illis
732 605 834 671 causis
872 608 1031 693 proprium

105 717 243 766 oerarr.
550 719 558 732 ·

125 723 145 788 Ρ
171 789 353 864 Praeterea,
375 784 458 850 Licet
480 783 557 850 ordo
580 783 674 849 rebus
697 782 811 848 inditus
835 783 1033 868 aproviden·

104 880 145 943 tia
169 877 313 942 divinam
336 874 504 941 bonitatem
528 895 585 938 suo
610 871 704 938 modo
727 884 947 958 repraesentet,
970 894 1033 938 non

105 981 214 1032 tamen
239 967 339 1052 ipsam
364 975 571 1049 repraesentat
596 960 741 1045 perlecta,
768 981 839 1027 oum
878 981 941 1027 non
965 981 1034 1048 per·
1070 988 1072 994 ’

107 1057 205 1140 tingat
231 1054 353 1120 bonitas
374 1064 534 1117 creaturae
563 1051 603 1115 ad
637 1049 852 1137 aequalitatem
889 1050 1032 1116 bonitatis

108 1143 245 1210 divinae.
271 1140 362 1225 Quod
386 1154 487 1205 autern
515 1159 577 1204 non
615 1150 861 1226 repraesentatur
898 1138 1033 1224 perfecte

110 1253 166 1319 per
190 1231 320 1318 aliquod
343 1229 551 1316 exemplatum
576 1241 674 1314 potest
697 1229 959 1314 iterum‚‘praetcr
974 1230 1034 1294 hoc

112 1323 173 1386 alio
197 1319 297 1386 modo
320 1319 552 1405 repraesentari.
580 1317 828 1400 Repraesentatio
860 1331 963 1382 autem
987 1317 1034 1382 di-

112 1412 204 1476 vinae
229 1409 374 1475 bonitatis
397 1408 428 1472 in
450 1406 599 1470 rcbusest
622 1406 691 1470 linis
704 1405 912 1493 productionis
929 1426 1034 1472 rerum

113 1499 236 1574 allec,
260 1510 407 1584 utsupra
432 1495 473 1578 (c.
507 1495 565 1578 20)
599 1508 757 1560 ostensum
795 1508 850 1560 est.
888 1494 956 1560 Non
990 1507 1038 1560 est

113 1588 209 1672 igitur
233 1587 374 1653 voluutas
397 1585 499 1649 divina
522 1583 726 1648 determinata
750 1583 789 1648 ad
802 1583 884 1649 bunc
896 1583 1039 1648 ordinem

114 1696 284 1742 causarum
307 1690 338 1739 et
360 1674 536 1752 effectuum,
559 1685 592 1737 ut
616 1693 678 1737 non
691 1672 785 1758 possit
797 1671 875 1736 velle
898 1671 1041 1738 effectum

115 1765 253 1852 aliquem
279 1767 309 1830 in
333 1763 528 1829 inferioribus
547 1759 718 1849 producere
734 1759 912 1826 immediate
925 1760 1043 1848 absque

118 1854 186 1920 aliis
210 1854 321 1919 causis.

186 1941 306 2021 Adhuc,
331 1941 476 2007 Universa
498 1954 637 2005 creatura
661 1938 762 2022 magis
785 1937 1045 2004 estDeosubdita

119 2051 215 2117 quam
240 2051 352 2117 corpus
375 2031 546 2096 humanum
570 2031 608 2093 sit
636 2028 793 2092 subditum
821 2029 943 2092 animae
967 2027 1047 2112 ejus3

120 2139 195 2184 nam
210 2121 312 2186 anima
336 2128 382 2184 est
393 2118 514 2205 corpori
531 2117 760 2204 proportionata
774 2128 807 2180 ut
822 2114 922 2180 iorma
938 2117 1051 2203 ipsius,

122 2208 209 2274 Deus
233 2221 337 2274 autern
359 2227 486 2273 omnem
509 2205 742 2292 proportionem
767 2217 926 2270 creaturae
955 2224 1045 2270 exce-

124 2297 177 2362 dit.
200 2299 242 2364 Er
269 2297 330 2363 hoc
352 2311 455 2362 autern
479 2294 562 2381 quod
585 2293 687 2359 anima
710 2293 896 2377 imaginatur
929 2292 1045 2379 aliquid

123 2399 155 2450 et
176 2387 379 2452 vehementer
401 2384 531 2451 allicitur
553 2383 592 2446 ad
616 2381 701 2460 illud,
723 2383 862 2468 sequitur
877 2381 1044 2468 aliquando

124 2474 301 2540 immutatio
325 2475 356 2538 in
379 2493 508 2559 corpore
531 2471 570 2536 ad
582 2471 741 2536 sanitatem
759 2471 805 2535 vel
821 2470 1045 2556 aegritudinem

129 2563 247 2651 absque
269 2565 388 2629 actione
411 2562 630 2650 principiorum
653 2559 859 2644 corporalium
882 2573 1047 2645 quaesunt

128 2668 199 2717 nata
223 2654 254 2717 in
277 2673 406 2738 corpore
428 2649 651 2736 aegritudinem
675 2648 722 2713 vel
735 2648 896 2714 sanitatem
908 2669 1046 2714 causare.

129 2740 225 2807 ltlulto
245 2741 340 2825 igitur
362 2741 459 2824 magis
483 2759 520 2804 ex
542 2737 700 2803 voluntate
723 2736 825 2801 diviua
852 2749 953 2824 potest
974 2737 1048 2802 elie·

130 2841 197 2894 ctus
222 2831 331 2915 aliquis
354 2830 440 2916 sequi
464 2829 495 2892 in
518 2825 667 2892 creaturis
690 2826 806 2912 absque
839 2826 937 2891 causis
971 2843 1051 2912 quae

133 2931 226 2983 natae
262 2929 344 2998 sunt,
378 2916 549 2984 secundum
583 2927 749 2994 naturam,
783 2914 870 2979 illum
908 2913 1052 2980 ellectum

136 3007 319 3092 producere.

210 3096 384 3174 Praeterea,
407 3092 584 3160 Secundum
609 3105 736 3156 naturae
758 3090 910 3170 ordinem,
934 3091 1059 3156 virtutes

59 3220 64 3228 ι
138 3185 254 3249 activae
277 3185 502 3250 clementorum
525 3182 583 3247 sub
596 3181 759 3245 virtutibus
773 3181 876 3245 activis
892 3199 1059 3262 corporum

137 3273 314 3338 caelestium
356 3271 547 3338 ordinantur.
577 3269 743 3355 Proprium
778 3283 881 3334 autem
915 3268 1061 3334 ellectum

132 3361 283 3427 virtutum
320 3360 553 3427 elementarium
593 3358 748 3424 interdurn
787 3358 883 3423 virtus
920 3356 1059 3422 caelestis

132 3448 229 3516 efficit
262 3451 378 3536 absque
415 3450 534 3516 actione
571 3447 727 3526 elementi,
762 3447 839 3512 sicut
872 3459 955 3533 patet
986 3466 1059 3512 oum

136 3537 186 3602 sol
208 3538 345 3606 calefacit
368 3540 484 3628 absque
506 3537 587 3625 iguis
610 3536 739 3604 actione.
763 3535 855 3603 llulto
878 3536 970 3623 igitur
993 3557 1062 3602 mu·
