2516 3968
222 184 289 250 444
467 205 526 252 ιιι.
550 203 591 248 ιιι.
615 203 679 248 ιιι.
703 199 786 248 usur.
813 199 849 244 ur
871 199 964 245 exuri.

219 284 361 356 puratos
383 282 429 337 est
450 272 579 338 diabolo
600 284 633 337 ot
652 272 771 357 unyelis
793 270 870 353 ejus,
891 267 996 333 llottb.
1019 268 1078 348 95,
1091 264 1147 347 41;
1238 267 1239 274 '

221 375 268 427 et:
283 362 372 427 Ploot
394 382 489 446 super
508 372 687 445 peccatores
711 362 851 446 loqueos·
866 357 945 442 iortis
960 369 989 422 et
1011 359 1151 442 tulpltstr
1238 367 1239 372 ’

218 453 405 606 andedos
426 452 649 534 procellarum,
668 469 748 535 pure
770 447 1004 522 rulieiteorum,
1019 447 1151 528 Psalm,

270 589 279 620 ‚
325 589 333 604 .

224 821 275 872 tur
297 806 382 894 quod
405 805 585 892 nllligentur
606 827 666 894 pru
689 803 856 870 omissione
879 801 980 868 ultimi
1003 801 1085 871 finis.

526 962 699 1030 CAPUT
737 960 864 1027 cxlvi.

363 1103 454 1183 Quod
469 1101 630 1190 judicibus
654 1103 866 1186 tieetooenas
886 1103 1021 1188 inferro.

243 1296 247 1302 .
298 1245 379 1327 Quin
402 1265 476 1310 vero
500 1261 615 1331 poenos
639 1265 656 1308 o
679 1243 747 1308 Deo
771 1241 903 1309 iullietus
936 1243 1032 1330 aliqui
1055 1246 1159 1330 pervi-

232 1334 382 1419 pendunt,
406 1347 532 1420 propter
553 1334 614 1399 boe
636 1331 732 1418 quod,
755 1333 952 1400 sensibilibus
975 1333 1084 1411 dediti,
1106 1355 1159 1400 so·

233 1425 300 1493 lum
324 1443 463 1508 eaquae
487 1421 630 1488 videntur
659 1433 779 1498 curent,
814 1421 886 1488 ideo
923 1443 980 1508 per
1019 1422 1159 1504 divinum

234 1511 462 1600 providentiam
486 1512 664 1576 ordinatum
687 1523 734 1576 est
763 1509 851 1576 utin
887 1513 976 1577 terris
1014 1514 1077 1577 sint
1102 1513 1162 1579 bo·

237 1601 336 1666 mines
359 1601 423 1687 qui,
447 1621 502 1686 per
525 1621 641 1686 poenes
664 1598 827 1664 sensibiles
849 1613 881 1665 et
913 1614 1104 1688 praesentes,
1128 1622 1163 1667 n-

237 1691 295 1757 lius
319 1687 600 1772 odobservontiem
620 1687 758 1774 justitiae
788 1701 911 1772 engone
948 1709 1027 1774 quos
1062 1692 1164 1757 muni·

238 1779 352 1846 festum
376 1791 423 1845 est
446 1797 509 1843 non
528 1797 671 1864 pedeure,
695 1777 771 1842 dum
796 1779 894 1844 mulos
918 1779 1060 1865 puniunt·

240 1929 243 1935 .
305 1866 413 1933 Nullus
436 1867 520 1932 enirn
544 1879 650 1952 necent
672 1887 710 1932 ex
733 1866 793 1930 boe
826 1866 911 1951 quod
943 1867 1095 1952 justitiam
1118 1867 1163 1933 sa.

240 1956 563 2022 demolumentum
587 1969 634 2020 est
658 1954 759 2020 mulos
784 1957 886 2041 puniri
910 1957 981 2044 quie
1009 1977 1065 2044 per
1090 1977 1164 2040 poe·

242 2063 315 2110 nom
337 2043 427 2130 culpa
451 2043 621 2121 ordinetur,
660 2057 695 2110 ut
717 2063 755 2110 ex
789 2044 972 2131 supradietis
1010 2049 1065 2130 (ι.
1090 2046 1164 2114 791

243 2147 336 2225 putet.
359 2133 427 2200 Non
451 2133 545 2217 igitur
565 2131 686 2218 judiees
707 2147 837 2219 percont
875 2135 973 2201 mulos
992 2135 1163 2220 puniendo.

309 2222 428 2302 Adbuc,
451 2222 597 2306 llomines
619 2223 671 2310 qui
696 2223 727 2286 in
753 2223 842 2289 torris
865 2245 960 2306 suuper
991 2223 1067 2290 elios
1091 2244 1164 2290 oon·

245 2313 413 2378 stituuntur
435 2326 507 2376 sunt
529 2312 617 2398 quusi
656 2311 779 2376 divinoe
806 2313 1017 2398 providentiae
1051 2333 1162 2380 exeun·

245 2415 338 2477 tores3
361 2401 445 2465 Deus
468 2401 564 2476 enim,
589 2419 742 2484 persnas
765 2400 977 2485 providentioe
1009 2402 1163 2480 ordinem,

248 2509 303 2576 per
325 2489 485 2575 superiore
509 2488 656 2555 inferiora
690 2489 863 2573 exequitur,
890 2502 925 2555 ut
947 2510 985 2555 ox
1021 2491 1165 2578 suprodi·
1238 2543 1239 2548 1

246 2578 303 2644 otis
327 2577 449 2661 (o.,78
471 2592 501 2642 ιι
523 2577 593 2659 79)
618 2590 708 2663 putet.
733 2577 841 2643 Nullus
881 2591 996 2657 eutem,
1030 2599 1069 2645 ex
1109 2580 1167 2646 boo

246 2664 329 2754 qirod
353 2666 515 2753 exequitur
557 2665 700 2732 ordinem
723 2665 845 2732 divinoe
861 2667 1073 2754 providentiae
1097 2688 1168 2755 peo-

248 2769 308 2832 ιιι
337 2754 429 2821 hebet
453 2767 557 2821 autem
581 2755 641 2820 boo
663 2754 741 2820 ordo
780 2755 992 2842 providentioe
1029 2770 1064 2822 ut
1098 2757 1169 2823 boni

228 2843 459 2931 ·preemientur
481 2857 511 2910 et
533 2842 606 2908 moli
630 2845 809 2931 puniantur,
847 2859 882 2910 ut
918 2865 956 2911 ex
989 2846 1171 2932 supradietis

251 2946 343 3019 patet.
366 2932 435 2998 Non
458 2932 550 3015 igitur
572 2933 714 2998 homines
740 2933 793 3018 qui
824 2934 892 2999 aliis
929 2949 1078 3022 praesunt
1101 2955 1171 3022 peu·
1238 2953 1239 2970 ¹

248 3033 321 3108 eant
334 3041 371 3086 ex
383 3022 443 3087 hoo
454 3022 536 3108 quod
550 3022 649 3087 bonos
661 3035 861 3088 remunerant
876 3037 906 3088 et
917 3025 1050 3110 puniunt
1065 3026 1172 3090 mulos.

318 3109 466 3192 Amplius,
489 3111 611 3176 Bonum
636 3132 698 3176 non
722 3110 840 3196 indiget
862 3113 956 3190 melo,
978 3113 1033 3178 sed
1060 3134 1078 3178 e
1100 3133 1174 3179 eon·

252 3217 350 3264 verso.
375 3198 452 3264 lllod
478 3200 570 3283 igitur
593 3199 678 3285 qnod
701 3213 747 3264 est
781 3203 993 3268 necessarium
1028 3201 1068 3267 nd
1102 3223 1175 3268 oon·

252 3287 461 3354 servationem
485 3288 559 3354 boui
582 3309 644 3354 non
668 3301 768 3374 potest
784 3309 853 3355 esse
867 3290 1040 3357 secundnm
1053 3311 1088 3356 se
1111 3311 1175 3356 rno-

254 3375 330 3440 lotn.
357 3376 400 3442 dd
432 3378 699 3443 conservationem
738 3393 842 3444 nutem
878 3379 1064 3446 concordiae
1098 3380 1176 3445 inter

255 3464 398 3532 homines
421 3465 631 3532 necessarium
655 3466 807 3554 estquod
830 3487 951 3557 poenae
985 3467 1075 3536 mulis
1097 3467 1178 3536 inlli-

288 629 349 694 Per
372 628 433 696 boo
455 641 559 694 nutem
583 627 762 693 excluditur
783 625 889 712 opinio
912 623 1072 710 dlgmelis,
1096 624 1153 710 qui

223 719 327 804 posuit
350 717 434 803 quod
458 718 673 800 peecatoribus
694 717 773 781 bueo
795 713 862 780 sole
901 733 1002 798 poeno
1038 714 1155 782 redde·
1238 783 1239 824 ἑ
