2452 3970
399 249 519 296 arn..ru.
545 249 728 296 car.„tr.rv,›
944 232 1014 298 179·
1071 213 1073 218 ⁵

79 318 233 410 (Ιςῖμε.
261 317 330 401 ll)
349 319 434 406 quod
457 319 560 384 omnia
591 339 670 404 quae
694 317 808 389 habent
833 338 908 388 ,εεεε
930 341 1004 407 quo·
1114 381 1115 388 ,

78 421 216 494 cumque
242 406 337 473 modo
371 420 443 472 sunt
465 406 590 472 erfectus
613 407 681 483 Dei,
705 422 734 473 et
756 407 804 492 (l.
830 408 860 487 ὅ,
883 430 908 475 ε.
937 411 1005 496 17)

77 495 159 583 quod
186 497 277 562 [leus
298 497 402 562 omnia
425 495 496 560 lacit
518 509 643 582 propter
666 497 772 574 finem,
794 497 847 582 qui
870 512 915 564 est
931 499 1005 584 ipse.

39 603 46 616 “
76 587 143 672 lpse
166 588 268 671 igitur
292 586 566 663 utituromnibus,
588 585 752 670 dirigendo
775 605 810 649 ea
835 587 865 650 in
901 586 1005 652 finem.

74 676 138 742 llo'c
174 688 285 747 autem
321 685 367 742 est
393 674 583 758 gubernare.
603 674 665 741 list
703 674 797 758 igitur
832 675 915 741 Deus
951 697 1006 762 per

74 769 162 846 suam
189 757 418 850 providentiam
443 764 584 828 omnium
608 764 805 848 gubernator.

84 917 89 928 ,
139 852 299 938 Amplius,
322 849 489 918 Osteusum
513 865 558 916 est
581 852 615 936 (l.
641 852 672 930 u,
690 873 721 920 ε.
747 852 803 936 rt)
820 852 904 938 qnod
921 853 1005 919 Deus

73 955 118 1006 est
135 943 295 1028 primum
312 944 460 1012 marens,¹
473 961 534 1022 non
559 955 688 1028 motum.
728 940 864 1006 Primum
900 957 1002 1008 autem

73 1050 208 1096 movens
234 1050 298 1094 uon
330 1030 441 1110 minus..
467 1032 569 1101 movet
591 1050 684 1115 quatu
715 1030 851 1095 secunda
875 1050 1002 1096 moven-

75 1121 125 1196 tia,
157 1118 217 1202 sed
246 1118 356 1202 ,magis
390 1117 461 1202 quia
485 1119 565 1196 ,Asine
599 1139 636 1182 eo
674 1139 737 1184 non
775 1134 900 1186 movent
936 1121 1006 1199 alia;

75 1209 182 1272 omnia
220 1219 325 1272 autem
359 1226 439 1292 quae
458 1223 646 1284 moventur,
684 1221 848 1272 moventur
881 1224 1006 1296 propter
1109 1199 1118 1218 ⁸

74 1296 183 1375 linem,
210 1309 246 1360 ut
269 1314 361 1383 supra
383 1293 441 1384 (o.
467 1295 513 1383 2)
536 1309 693 1360 ostensum
718 1309 773 1360 εει.
796 1297 896 1362 lllovet
915 1301 1007 1383 igitur

74 1383 160 1450 lleus
186 1385 296 1468 omnia
319 1383 359 1448 ad
380 1381 471 1448 'fines
496 1404 579 1462 suos,
610 1398 718 1471 etper
742 1385 942 1465 intellectum3
973 1409 1015 1452 o·-

75 1487 219 1539 steusum
239 1486 294 1558 est
314 1471 395 1538 enim
420 1493 512 1558 supra
537 1473 586 1562 (l.
611 1473 642 1550 2,
665 1495 692 1538 c.
715 1473 758 1539 25
781 1488 811 1538 et
834 1474 899 1564 ll)
924 1478 1007 1562 quod
1114 1499 1120 1504 ·

76 1583 139 1626 non
163 1563 231 1647 agit
247 1581 310 1647 ‚per
332 1562 545 1640 necessitatem
568 1576 708 1639 naturae,
730 1562 785 1626 sed
810 1583 864 1648 per
888 1565 1006 1630 intelle·

74 1666 158 1715 ctum
183 1667 217 1716 et
243 1649 440 1720 voluntatem.
464 1649 561 1738 Nihil
579 1665 681 1714 autem
706 1664 751 1714 est
775 1671 882 1736 regere
905 1667 934 1718 et
950 1674 1006 1738 gu·

76 1741 214 1804 bernano
240 1758 296 1824 per
318 1738 543 1824 providentiam
571 1760 664 1825 quam
688 1759 813 1804 movere
837 1761 892 1828 per
915 1742 1004 1808 intel·

76 1827 191 1893 lectum
217 1828 321 1913 aliqua
344 1827 383 1891 ad
408 1825 512 1892 linem.
536 1828 620 1894 Deus
643 1830 734 1912 igitur
757 1849 811 1914 per
826 1849 914 1896 suam
932 1853 1001 1917 pro·

78 1916 249 1982 ridentium
284 1911 436 2000 gubernat
458 1931 488 1981 ει
513 1919 589 2002 regit
612 1918 716 1982 omnia
739 1937 818 2002 quae
840 1935 1002 1988 moventur
1035 1999 1040 2008 ³

79 2005 108 2068 in
132 2006 243 2083 linem,
266 2006 330 2070 sive
353 2019 535 2070 moveantur
557 2007 767 2093 corporaliter,
783 2007 1001 2094 sivespiritua·

77 2091 156 2172 liter,
179 2097 260 2160 siout
289 2093 468 2160 desiderans
492 2094 602 2160 dicitur
624 2096 742 2160 moveri
767 2116 783 2160 a
817 2097 1000 2164 desiderato.

144 2184 235 2262 item,
261 2182 431 2248 Probatum
454 2198 501 2248 εει
524 2185 569 2269 (ε.
594 2184 665 2272 ν2-5)
689 2183 772 2270 quod
796 2205 925 2270 corpora
947 2207 1002 2253 ua·

80 2273 189 2338 toralia
214 2284 378 2338 morentur
409 2285 439 2335 et
468 2287 635 2358 operantur
659 2285 783 2358 propter
806 2273 910 2349 linem,
934 2275 1004 2342 licet

80 2357 173 2426 finem
199 2383 263 2426 non
297 2374 557 2444 cognoscenter
594 2364 653 2426 hoo
686 2361 769 2446 quod
803 2382 926 2449 semper
956 2367 1004 2431 vel

79 2445 272 2535 frequentius
296 2450 405 2514 accidit
427 2452 458 2519 in
483 2451 526 2514 eis
556 2451 639 2537 quod
670 2449 778 2514 melius
801 2467 847 2516 est
875 2467 905 2518 et
933 2453 1003 2530 (ex

81 2535 139 2602 lroo
161 2539 278 2626 quod)
301 2558 364 2634 nou
388 2539 476 2609 aliter
491 2539 600 2627 tierent
615 2559 670 2626 per
686 2553 793 2604 artem.
812 2540 1002 2626 Impossibile

81 2639 125 2689 est
147 2642 254 2692 autem
288 2625 374 2713 quod
410 2626 511 2713 aliqua
549 2649 612 2708 non
650 2631 867 2712 cognoscentia
905 2631 1000 2698 linem

82 2723 250 2800 operentur
273 2729 397 2802 propter
427 2716 521 2798 finem
541 2711 584 2791 ει
601 2717 740 2783 ordinate
763 2719 944 2802 pervenient
967 2723 998 2786 in

82 2801 194 2885 ipsum,
219 2805 276 2892 nisi
292 2805 352 2869 sint
368 2817 450 2869 mota
467 2806 505 2868 ab
522 2807 628 2891 aliquo
642 2806 998 2890 habente-,cognitionem

83 2887 161 2972 linis,
184 2897 263 2976 siout
284 2892 393 2978 sagitta
417 2889 557 2978 dirigitur
577 2895 618 2970 ¹ad
640 2896 762 2978 signum
785 2914 802 2959 a
825 2897 996 2978 sagittante.

84 2975 211 3065 Oportet
234 2985 308 3067 ergo
326 2980 415 3069 „quod
433 2995 507 3052 tota·
524 2983 661 3069 operatio
684 2996 812 3055 naturae
835 2984 873 3048 ab
897 2985 999 3072 aliqua

83 3073 262 3160 cognitione
287 3070 474 3154 ordineturp
488 3083 518 3136 et
548 3063 612 3136 li'oo·
635 3063 923 3156 quidem-mediate
953 3081 999 3142 vel

85 3153 260 3226 immediate
282 3172 403 3247 oportet
427 3160 578 3233 reducere,
597 3152 630 3230 in
643 3161 767 3237 'Deum3
782 3173 902 3248 oportet
917 3165 1000 3230 enim

86 3248 166 3328 quod
190 3248 291 3314 omnis
324 3246 451 3317 inferior
483 3269 532 3316 ars
566 3248 763 3333 eteoguitio
799 3270 816 3313 a
849 3257 1020 3338 superiori.

87 3334 232 3426 principia
260 3337 511 3426 accipiat'3'siottt
544 3337 575 3402 in
610 3336 744 3402 scientiis
779 3341 942 3424 operativis
971 3361 1002 3410 et
1016 3339 1024 3356 ”

85 3425 275 3507 speculativis
302 3438 438 3512 apparet.
473 3426 561 3510 Deus·
593 3427 691 3513 igitur„
721 3445 775 3519 sua
797 3430 1001 3516 providentia

89 3515 242 3597 mundum.
258 3514 429 3608 gobernat-
556 3516 560 3528 '
619 3521 625 3530 '
675 3513 688 3525 “’
793 3522 796 3529 ’
883 3547 885 3554 r
998 3516 1019 3540 ”
