2514 3972
404 255 462 298 uu.
486 257 525 301 nt.
551 256 614 301 cta.
638 255 731 301 xcru.
974 235 1038 302 999

119 344 213 413 quam
238 341 290 390 res
312 322 495 403 habetessc‚
511 345 559 390 res
576 339 677 390 antem
691 323 854 412 quaelibet,
869 325 1038 390 secundum

119 413 204 517 quod
230 414 427 489 hebetasse,
451 375 574 478 accedat
598 415 635 479 ad
659 412 889 480 similitudinem
903 414 972 488 Dei,
988 415 1041 500 qui

119 517 165 568 est
188 503 293 590 ipsum
316 523 406 567 suum
445 522 512 567 esse
545 504 685 588 simplex,
721 521 849 567 necesse
879 515 924 566 est
957 501 1041 589 quod

118 591 220 658 forma
244 591 324 657 nibil
347 593 384 656 sit
407 590 489 656 aliud
524 613 615 676 quam
639 593 739 657 diuina
771 589 937 655 similitudo
972 612 1042 676 par·

118 681 246 765 ticipata
272 681 316 746 in
353 681 456 757 rebus;
495 681 577 745 unde
614 681 832 746 convenienter
867 679 1042 744 bristoteles

119 769 283 854 (physic,
310 770 340 848 l,
364 782 434 834 text.
458 791 571 834 comm
594 770 674 856 81),
697 770 735 835 de
769 767 868 833 forma
903 768 1042 854 loquens,

119 857 193 923 dicit
222 858 320 944 quod,
358 870 403 923 est
439 859 576 924 divinant
612 861 769 945 quoddam
802 868 831 922 et
866 856 1042 942 appetibile.

119 945 299 1011 Similitudo
333 961 448 1022 autem,
483 947 520 1012 ad
555 971 651 1013 unnm
676 947 805 1034 simplex
839 945 1042 1025 considerata,

120 1035 324 1100 diversificari
348 1057 409 1100 non
434 1049 542 1122 potest,
565 1039 623 1102 nisi
646 1036 816 1102 secundum
840 1033 923 1121 quod
946 1035 1044 1119 magis

120 1139 150 1188 et
186 1126 294 1189 minus
327 1125 496 1189 similitudo
535 1141 580 1192 est
618 1127 789 1228 propinqua
828 1123 877 1188 vel
914 1137 1044 1190 remota.

121 1211 251 1294 Quanto
275 1225 377 1278 autem
412 1212 525 1299 aliquid
550 1215 750 1302 propinquius
775 1211 812 1278 ad
847 1211 980 1277 divinam
1005 1213 1044 1276 si·

119 1301 330 1366 militudinem
362 1301 488 1379 aceedit,
512 1304 648 1386 (tanto)
680 1301 855 1404 perfectius
875 1301 1043 1379 es13unde

119 1389 151 1454 in
176 1389 287 1456 formis
311 1390 479 1456 differentia
516 1413 583 1457 csse
618 1413 679 1456 non
704 1404 803 1478 potest
826 1389 882 1454 nisi
907 1409 962 1476 per
985 1390 1044 1454 boc

121 1479 208 1562 quod
233 1499 296 1544 una
319 1479 482 1565 perfectior
505 1481 603 1546 existit
627 1500 719 1566 quam
737 1479 805 1555 alia3
822 1478 1043 1565 propterquod

123 1568 534 1656 Aristoteles‚(bletapbys.‚
558 1569 588 1647 8,
612 1583 683 1635 text.
708 1589 821 1633 comm.
846 1568 914 1652 l0)
937 1567 1045 1632 delmi·

125 1655 238 1734 tiones‚
263 1677 318 1742 per
335 1674 415 1742 ‘quas
439 1673 564 1722 naturae
578 1679 680 1722 rerum
698 1671 728 1722 et
744 1656 861 1722 lormae
876 1656 1044 1740 signantur,

126 1745 277 1809 assimilat
299 1745 446 1823 numeris,
475 1748 504 1810 in
539 1748 650 1831 quibus
673 1747 790 1832 specics
814 1747 967 1809 variamur
990 1765 1046 1831 per

126 1833 317 1899 additionem
341 1835 389 1898 vel
412 1833 617 1901 subtractione
634 1834 766 1911 unitatis;
779 1846 811 1897 ut
825 1854 863 1899 ex
880 1833 938 1898 hoe
954 1833 1045 1898 detur

124 1921 256 2007 intelligi
281 1923 363 2008 quod
381 1922 549 1988 formarum
568 1925 725 1989 diuersitas
742 1923 895 1987 diversum
913 1921 1044 2008 gradum

124 2010 322 2095 perfectionis
338 2012 471 2094 requirit.
491 2014 524 2076 Et
538 2015 596 2078 boc
611 2014 768 2078 evidenter
762 2024 906 2114 ..apparet
922 2025 1046 2076 naturas

123 2117 233 2164 rerum
257 2100 436 2196 speculanti
469 2101 605 2166 inveniet
629 2103 722 2178 enim,
745 2101 769 2164 si
793 2101 861 2185 quis
884 2092 1047 2183 diligenter

124 2187 312 2265 consideret,
335 2177 484 2292 gradatim
515 2211 618 2254 rerum
654 2190 861 2254 diversitatem
885 2187 1045 2274 compleri:

124 2293 198 2340 nam
224 2297 315 2362 supra
351 2278 515 2341 inanimata
539 2299 667 2362 corpora
697 2279 830 2342 inveniet
863 2275 992 2361 plantas,
1013 2291 1045 2342 et

126 2383 221 2444 super
246 2366 300 2430 bas
322 2366 539 2432 irrationabilia
564 2366 717 2443 animalia,
741 2379 770 2430 et
792 2365 1006 2451 superhaec
999 2386 1043 2428 rn-

126 2452 317 2519 tellectuales
340 2455 532 2532 substantiae
548 2469 577 2519 et
595 2455 624 2518 in
642 2453 768 2538 singulis
784 2454 896 2518 borum
912 2453 1046 2518 inveniet

127 2539 348 2620 diversitatem,
371 2544 540 2608 secundum
573 2543 656 2629 quod
691 2542 842 2628 quaedam
876 2556 947 2607 sunt
981 2541 1046 2606 aliis

104 2629 322 2714 perfectiora,
347 2633 497 2696 intantum
528 2633 610 2716 qrrod
635 2653 670 2696 ea
694 2651 773 2716 quae
806 2642 878 2696 sunt
901 2651 1046 2732 suprema

128 2717 283 2784 inferioris
306 2721 427 2805 generis
451 2721 592 2785 videmur
627 2723 797 2806 propinqua
821 2720 970 2804 superiori
994 2738 1046 2802 ge

129 2808 207 2884 neri,
232 2822 262 2872 et
284 2828 302 2872 e
325 2827 483 2885 converso,
517 2811 594 2874 sicut
617 2809 758 2874 animalia
783 2807 953 2872 immobilia
977 2822 1048 2872 sunt

129 2875 241 2962 similia
267 2897 385 2983 plantis3
410 2898 492 2962 unde
505 2911 534 2962 et
546 2898 710 2984 Dionysius
729 2898 780 2986 (de
796 2895 897 2961 Divin.
913 2895 1048 2974 Nomin.‚

129 3003 156 3047 e.
180 2985 230 3070 7)
265 2986 306 3049 ait
339 2986 421 3071 quod
456 2988 564 3052 diuino
600 2987 754 3069 cupientia
788 2985 941 3071 conjungit
973 2987 1049 3072 fines

127 3074 301 3154 primorum
323 3075 485 3159 principiis
516 3080 726 3140 secutrdornrn.
751 3073 838 3139 Unde
861 3085 942 3160 patet
965 3073 1049 3159 quod

131 3179 236 3226 rerum
259 3162 417 3228 diversitas
448 3165 539 3248 exigit
562 3164 644 3250 quod
668 3184 729 3227 non
765 3164 825 3228 sint
860 3162 963 3227 omnia
997 3182 1050 3226 ae-

133 3250 244 3335 qualia,
267 3251 321 3316 sed
344 3253 383 3316 sit
406 3252 481 3317 ordo
505 3255 534 3316 in
559 3253 651 3317 rebus
674 3265 704 3315 et
728 3250 850 3336 gradus.

201 3339 243 3403 Ex
265 3339 438 3405 diversitate
460 3355 563 3405 autem
586 3340 766 3418 formarum,
783 3337 954 3406 secundum
972 3359 1049 3425 quas

135 3444 239 3492 rerum
262 3430 378 3513 species
400 3429 651 3507 diversificantur,
674 3431 812 3515 sequitur
834 3443 864 3494 ct
894 3430 1048 3514 operatio-

139 3533 214 3580 num
250 3517 441 3596 dilierentia3
479 3539 550 3584 oum
584 3520 666 3588 enim
706 3517 948 3607 unumquodque
982 3532 1052 3605 agat
