2478 3972
392 255 447 300 tin.
471 246 512 300 iu.
537 253 600 301 etr.
625 253 671 301 xc.
936 237 996 305 271

81 326 195 392 ctiones
220 322 348 388 aliorum
373 343 489 402 rerum,
513 323 591 389 sicut
614 343 708 411 supra
730 321 744 411 (
763 342 788 389 e.
803 324 875 412 50)
899 340 1002 394 osten·

79 436 145 480 sum
167 426 226 478 est.
250 413 345 497 Magis
360 412 453 497 igitur
465 412 578 478 cadunt
595 414 730 479 actiones
749 413 1002 483 intellectualium

80 502 324 569 substantiarum
348 502 406 567 sub
431 501 540 566 ordine
575 501 881 590 providentiaeque
918 505 1004 572 Deus

80 594 180 657 omnia
205 591 239 656 in
262 590 398 678 seipsum
422 590 554 673 ordinat,
576 611 669 678 quam
701 591 837 658 actiones
875 594 1004 660 aliarum

81 701 196 746 rerum.
851 709 855 716 ·

75 805 78 813 ·
143 769 269 843 Adhuc,
293 766 481 834 Gubernatio
504 766 715 854 providentiae
754 788 790 834 ex
814 789 921 836 amore
958 771 1005 836 di·

78 859 146 924 vino
170 855 330 946 procedit,
354 877 415 942 quc
438 857 523 922 Deus
546 877 595 922 res
619 877 636 922 s
661 877 695 922 se
717 872 834 924 creatas
857 873 950 934 amau
974 862 1006 925 in

78 947 136 1012 hoc
159 947 249 1012 enim
288 945 453 1032 praecipue
487 945 611 1011 consisti
650 965 738 1012 amor
776 947 859 1033 quod
898 969 1005 1015 amans

78 1049 179 1102 amato
204 1035 323 1100 bonum
347 1034 428 1111 velit;
451 1045 567 1120 quanto
590 1053 664 1117 ergo
688 1035 772 1100 Deus
788 1036 891 1122 aliqua
906 1038 1003 1123 magis

78 1139 169 1204 amat,
194 1137 280 1190 tanto
302 1123 401 1207 magis
423 1125 480 1188 sub
503 1122 570 1208 ejus
594 1122 785 1209 providentio
801 1124 924 1192 eadunt.
938 1127 1003 1192 lloc

78 1228 181 1280 autem
207 1225 239 1278 et
261 1231 347 1278 sacra
375 1210 531 1296 Scriptura
570 1212 671 1290 docet,
706 1211 823 1280 dicens:
863 1215 1003 1280 Custodit

80 1303 232 1367 Dominus
254 1321 359 1365 omncs
382 1301 543 1384 elilipentes
576 1321 619 1379 se,
642 1299 734 1378 Psal.‚
773 1301 848 1378 111,
882 1303 937 1381 att,
959 1341 1004 1352 -

79 1405 107 1456 ct
128 1393 227 1457 etiam
250 1389 456 1476 Philosophus
479 1387 600 1470 (Ethiu,
622 1409 649 1454 c.
675 1389 727 1467 10,
749 1389 817 1455 leet.
842 1391 888 1476 ὅ),
912 1392 1004 1458 tradit

80 1479 184 1546 dicens
209 1478 294 1565 quod
317 1478 401 1543 Deus
424 1479 557 1542 maxime
580 1489 666 1542 curat
689 1477 728 1541 de
745 1478 792 1544 his
807 1481 859 1565 qui
872 1480 1004 1565 diligunt

80 1569 283 1646 intellectum,
308 1579 465 1652 tamquam
488 1565 528 1631 de
539 1566 602 1630 suis
627 1565 743 1640 amieis;
765 1587 803 1632 ex
825 1589 887 1653 quo
911 1571 1004 1635 etiam

79 1655 213 1724 hahetur
236 1655 318 1743 quod
330 1656 464 1722 maxime
483 1654 667 1720 substantias
684 1654 904 1722 intellectuales
921 1672 1004 1724 amat

80 1746 137 1810 sub
162 1747 232 1832 ejus
256 1746 347 1830 igitur
371 1743 561 1831 prouidentia
576 1743 808 1810 caduntearum
832 1745 1005 1814 voluntates

82 1850 111 1898 et
133 1835 312 1902 electiones.

145 1925 297 2011 Ampliat,
320 1919 574 1987 Bona.interiora
598 1919 733 1986 hominis
757 1941 836 2007 quae
874 1945 911 1989 ex
950 1945 1004 1990 vo·

82 2009 198 2078 luntate
223 2025 253 2077 et
275 2011 425 2076 electione
464 2009 641 2096 dependent
664 2024 736 2076 sunt
760 2012 858 2097 magis
881 2010 1031 2100 propria''

83 2098 217 2167 hominis
239 2120 331 2186 quam
356 2098 407 2164 illa
431 2119 510 2184 quae
533 2112 617 2164 extra
641 2098 743 2184 ipsum
770 2115 852 2178 sunt,
875 2116 908 2168 ut
931 2103 1005 2167 ade·

82 2190 144 2272 ptio
167 2191 344 2256 diuitiarum
369 2186 415 2252 uel
453 2187 576 2272 siquid
610 2186 693 2252 aliud
732 2200 778 2252 est
816 2189 1005 2274 hujusmodi3

83 2279 165 2343 unde
189 2299 246 2366 per
267 2277 318 2342 illa
342 2276 436 2340 homo
459 2275 569 2340 dieitur
600 2295 668 2340 csse
692 2275 878 2356 bonus,non
902 2275 1005 2344 autem

82 2383 136 2450 per
159 2369 226 2433 ista.
251 2365 282 2430 Si
307 2364 398 2450 igitur
422 2363 587 2430 electiones
610 2364 767 2430 humanae
795 2379 825 2430 et
841 2366 1005 2434 voluntatis

83 2469 185 2522 motus
208 2476 270 2522 nun
294 2453 404 2519 cadunt
429 2451 612 2518 subdivina
637 2453 839 2538 providentia,
877 2456 932 2522 sed
955 2477 1005 2522 sc-

83 2539 147 2610 lum
169 2543 337 2611 exteriores
361 2555 537 2629 proventus,
560 2542 663 2608 verius
686 2543 744 2608 erit
766 2545 849 2630 quod
874 2565 924 2612 res
947 2546 1006 2612 hu·

85 2650 195 2700 manae
220 2647 291 2699 sunt
314 2645 398 2698 extra
421 2631 644 2716 prouidentiam
667 2651 761 2716 quam
786 2632 870 2720 quod
904 2636 1006 2721 proui-

88 2719 208 2788 dentiae
231 2721 361 2797 subsint3
384 2718 597 2805 quodquidem
620 2739 657 2784 ex
694 2740 827 2805 persona
864 2721 1005 2809 hlasphe·

86 2813 236 2876 muntium
259 2810 423 2876 inducitur:
447 2808 510 2874 lllee
531 2819 640 2872 nostru
662 2809 848 2889 considerat,
871 2822 901 2874 et
924 2813 1007 2876 eirea

91 2901 232 2966 cardines
255 2900 334 2964 caeli
351 2895 562 2982 perambulat,
585 2895 654 2973 tob,
677 2897 730 2974 22,
757 2897 809 2976 lh
832 2911 871 2963 et:
910 2899 1007 2964 Dere-

90 2986 177 3071 liquit
207 2989 357 3054 Dominus
370 2998 496 3062 terrum,
511 2997 542 3049 et
553 2985 703 3050 Dominus
717 3005 778 3050 uon
790 2988 883 3066 videt,
899 2987 1007 3054 Erech.

91 3073 121 3150 9,
143 3078 174 3156 93
196 3092 237 3143 et:
262 3078 337 3158 Quis
360 3088 406 3140 est
427 3075 485 3139 iste
507 3075 559 3159 qui
581 3074 661 3138 dicit
683 3085 717 3139 ut
738 3075 835 3161 ficret,
875 3077 1007 3142 Domino

90 3181 149 3230 nou
164 3166 302 3252 iubente,
325 3164 440 3230 Thren.
465 3164 496 3238 5,
520 3163 573 3228 57.

154 3256 304 3322 Videntur
325 3268 428 3319 autem
451 3252 603 3339 quaedam
627 3250 658 3315 in
681 3249 819 3318 doctrina
851 3273 936 3319 saera
959 3274 1007 3319 se-

93 3343 225 3411 eundum
239 3342 427 3432 praedictam
444 3341 626 3406 sententiam
642 3359 763 3406 sonare.
785 3341 905 3408 Dicitur
915 3343 1009 3409 enim:

93 3427 174 3498 Deus
196 3433 235 3499 ob
257 3433 345 3498 initio
368 3431 524 3496 corastituit
550 3429 712 3508 homiuem,
730 3441 759 3495 et
773 3431 899 3516 reliquit
919 3433 1009 3498 illitus

95 3514 125 3580 iu
146 3541 238 3590 mortu
262 3517 382 3588 coustttt
404 3521 464 3600 sui,
487 3518 579 3588 Eccli.
604 3517 656 3601 ld,
681 3519 733 3600 ll;
757 3534 786 3588 et
820 3519 910 3589 inira:
947 3523 1010 3608 Ap·
