2452 3970
399 257 695 306 stulticiam.
849 243 855 282 ¹
933 242 995 308 tad

85 327 168 394 rhoes
192 328 252 394 bon
274 330 450 416 exemplum
474 329 642 417 depravare
655 327 777 402 nitatur,
791 327 895 396 dieens
912 333 995 418 quod

85 417 175 482 simile
200 437 263 482 non
286 433 333 484 est
356 419 395 484 de
419 419 573 484 intellectu
618 433 723 480 nostro
748 417 786 481 ad
809 419 994 488 substantias

81 518 239 592 separatas,
256 520 286 571 et
308 508 398 572 oculo
411 507 633 594 vespertilionis
644 505 682 569 ad
695 505 795 570 lucem
812 508 885 572 solis
897 531 993 595 quan·

81 607 139 657 tum
163 594 202 659 ad
238 594 530 682 impossibilitatem*
564 596 618 660 sed
642 593 742 659 solum
763 611 929 680 *quantum
955 599 993 662 ad

79 681 296 762 difficultatem
315 685 398 771 quod
423 685 474 750 tali
499 686 616 750 ratione
629 685 738 770 probat
760 683 886 749 ibidem:
905 687 994 768 Quia,

78 771 99 833 si
123 771 172 836 illa
197 785 277 858 quae
319 789 390 838 sunt
413 774 567 840 intellecta
607 774 777 838 seeundum
813 794 858 852 se,
881 777 994 840 seilicet

77 859 264 926 substantiae
286 877 455 949 separatae,
479 877 579 928 essent
602 863 692 926 nobis
715 864 920 948 impossibiles
954 866 992 929 ad

77 947 322 1034 intelligendum,
347 950 458 1017 frustra
484 965 594 1028 essent,
618 951 695 1015 sieut
718 953 741 1014 si
766 967 846 1016 esset
869 955 993 1040 aliquod

78 1037 192 1102 visibile
216 1039 299 1125 quod
327 1061 344 1104 a
369 1040 456 1106 nullo
480 1043 545 1106 visu
570 1039 665 1103 videri
691 1040 793 1125 possit.
816 1041 904 1122 Quae
926 1044 993 1128 qui·

76 1124 142 1190 dem
168 1129 246 1192 ratio
270 1149 362 1214 quam
399 1129 506 1196 frivola
546 1129 584 1193 sit
607 1143 742 1214 apparet.
782 1129 843 1194 Etsi
867 1133 991 1196 anima
1063 1153 1066 1158 ·

75 1215 160 1280 nobis
185 1237 345 1302 nunquam
371 1217 442 1284 illae
465 1217 653 1284 substantiae
677 1217 931 1302 intelligerentur,
948 1237 992 1284 ta-

75 1322 141 1366 men
166 1306 412 1390 intelligerentur
434 1331 450 1373 a
475 1308 594 1393 seipsis;
618 1305 702 1369 unde
727 1326 784 1370 nee
808 1306 918 1374 frustra
942 1331 989 1373 m·

75 1391 383 1477 telligibilesessent,
406 1397 484 1462 sieut
507 1417 564 1460 nee
588 1395 633 1459 sol
658 1393 768 1458 frustra
786 1397 911 1461 visibilis
935 1405 1006 1476 est3'

74 1493 103 1542 nt
124 1482 295 1548 Aristotelis
319 1485 494 1571 exemplum
519 1503 754 1568 prosequamur,
771 1485 841 1567 quia
859 1505 920 1549 non
938 1508 991 1572 po·

72 1581 126 1632 test
148 1571 250 1656 ipsum
275 1573 385 1636 videre
401 1572 586 1660 vespertilio,
610 1591 680 1635 eum
705 1571 799 1657 possit
829 1577 928 1658 ipsum
947 1579 989 1638 vi·

73 1655 143 1721 dere
179 1661 275 1724 homo
299 1675 328 1724 et
352 1661 409 1726 alia
445 1661 602 1727 animalia.
626 1660 675 1724 Sic
709 1680 783 1744 ergo
818 1663 989 1728 intellectus

74 1747 235 1829 possibilis,
260 1750 284 1812 si
308 1751 431 1836 ponitur
453 1751 575 1836 corpori
600 1751 703 1813 unitus
725 1749 896 1816 seeundum
912 1771 989 1832 esse,
1038 1757 1039 1762 ’

74 1853 130 1898 non
155 1851 256 1921 potest
279 1839 449 1923 intelligere
473 1840 656 1904 substantias
679 1852 843 1924 separatas.

135 1923 387 1991 lnteresttameu
411 1929 541 2014 qualiter
564 1927 602 1992 de
624 1926 792 1992 substantia
816 1927 989 2014 ipsiussen-

75 2011 169 2078 tiatur.
191 2015 222 2078 Si
248 2016 331 2080 enim
356 2031 487 2102 ponatur
510 2036 577 2080 esse
601 2017 752 2101 quaedam
777 2016 871 2080 uirtus
895 2035 989 2082 mate·
1086 2089 1089 2094 ³

73 2097 149 2166 rialis
161 2105 346 2186 generabilis
359 2121 389 2170 et
404 2105 620 2192 corruptibilis,
639 2105 800 2189 utquidam
811 2122 990 2190 posuerunt,

72 2191 205 2273 sequitur
230 2193 312 2278 quod
347 2196 384 2258 ex
408 2215 462 2259 sua
497 2194 666 2258 substantia
705 2193 927 2258 determinatur
950 2197 988 2260 ad

72 2275 300 2364 intelligendum
317 2283 498 2360 materialia3
515 2282 597 2346 unde
608 2301 732 2346 neeesse
743 2294 788 2345 est
804 2283 886 2366 quod
904 2283 988 2348 nullo

73 2368 160 2431 modo
197 2374 291 2457 possit
314 2371 484 2456 intelligere
507 2371 692 2435 substantias
719 2388 883 2455 separatas,
900 2448 902 2452 ¹
917 2375 987 2458 quia
1093 2403 1097 2412 ·

71 2450 258 2538 impossibile
291 2467 348 2523 erit
370 2461 471 2546 ipsum
505 2479 573 2524 esse
607 2473 793 2544 separatum.
829 2459 860 2523 Si
883 2477 987 2526 autem

71 2540 237 2612 intellectus
264 2549 427 2634 possibilis,
442 2549 583 2634 quemvis
607 2549 645 2611 sit
667 2547 789 2632 corpori
814 2549 926 2628 unitus,
942 2566 987 2614 est

71 2643 166 2698 tamen
192 2637 443 2721 incorruptibilis,
467 2651 497 2702 et
520 2659 537 2701 a
561 2636 776 2701 materiamen
806 2637 986 2723 dependens

68 2725 233 2788 seeundum
245 2746 335 2790 suum
352 2726 514 2802 esse,sieut
529 2747 621 2810 supra
638 2724 712 2810 (ll,
729 2724 805 2788 aaa
822 2742 851 2788 et
868 2727 925 2812 60)
954 2750 987 2790 ιι-

70 2811 245 2892 stendimus,
280 2815 417 2900 sequitur
439 2815 521 2900 quod
559 2813 704 2898 obligatio
723 2812 760 2876 ad
776 2813 987 2898 intelligendas

71 2912 116 2960 tes
132 2902 303 2967 materiales
326 2903 443 2967 aecidat
466 2903 493 2966 ei
517 2923 553 2966 ex
567 2905 681 2966 unione
698 2901 736 2966 ad
749 2921 871 2988 eorpus;
895 2904 987 2981 unde,

72 3004 137 3050 anm
160 2995 261 3055 anima
285 3011 446 3077 aeorpore
471 2991 523 3055 tali
541 2991 632 3055 luerit
645 3003 795 3075 separata,
815 2991 987 3058 intellectus

73 3077 219 3152 possibilis
242 3079 412 3164 intelligere
450 3080 561 3164 poterit
583 3099 620 3143 ea
643 3099 723 3164 quae
758 3081 929 3144 seeundum
953 3104 986 3146 se

72 3177 137 3227 sunt
159 3169 370 3253 intelligibilia,
393 3168 508 3233 scilieet
530 3170 715 3233 substantias
739 3183 905 3253 separatas,
929 3191 984 3258 per

72 3243 170 3320 lumen
192 3257 362 3322 intellectos
385 3259 513 3342 agentis,
536 3257 620 3342 quod
642 3270 688 3320 est
711 3257 878 3323 similitudo
902 3261 933 3324 in
951 3285 983 3325 a·

72 3339 165 3405 niano*
192 3346 402 3412 intellectualis
425 3345 548 3411 luminis
570 3345 654 3431 quod
677 3347 775 3410 estin
806 3350 981 3416 substantiis

72 3438 220 3512 separatis.
856 3463 860 3470 ¹

134 3519 266 3592 Etlmee
296 3538 341 3591 est
364 3523 512 3591 sententia
547 3537 669 3591 nostrae
703 3521 774 3589 fidei
798 3523 836 3592 de
870 3527 983 3592 intelli·
