2452 3970
217 227 281 293 ill
449 245 505 290 nra.
529 247 569 290 tu.
594 243 657 290 oar.
686 243 762 289 xntv.
786 243 822 288 nr
844 243 912 290 xnn.

280 315 366 379 Patet
387 328 491 380 autem
514 315 597 401 quod
622 334 678 380 nec
700 312 887 391 Aristoteles,
910 311 997 399 cujus
1012 324 1143 379 sentens

214 406 289 469 tiam
311 403 398 489 sequi
438 419 589 469 conantur
622 403 768 490 praedicti
804 401 991 488 philosophi,
1028 403 1058 467 in
1084 405 1138 468 tali

213 493 444 558 continuatione
467 493 601 558 hominis
624 491 763 557 ultimam
787 490 962 556 felicitatem
993 493 1138 576 opinatus

214 595 359 647 estesse.
382 580 496 646 Probat
517 582 601 646 enim
624 581 746 664 (Ethic,
770 581 800 658 l,
821 599 848 645 α
874 580 930 664 17)
962 580 1047 666 quod
1068 579 1139 646 ieli-

214 671 288 736 citas
311 670 445 736 hominis
468 683 513 734 est
529 671 667 756 operatio
683 671 777 756 ipsius
800 668 972 734 secundum
989 670 1136 734 virtutem

213 759 391 846 perlectam;
415 758 497 824 unde
535 779 661 824 necesse
696 757 752 823 luit
788 756 873 844 quod
910 757 949 822 de
972 757 1138 824 virtutibus

212 848 440 924 determinaret,
463 867 538 932 quas
554 847 655 912 divisit
679 847 709 912 in
733 846 859 912 virtutes
879 847 1012 912 morales
1035 860 1063 912 et
1089 849 1139 912 in-

216 937 412 1003 tellectuales.
436 933 576 1001 Ostendit
599 949 702 1001 autem
726 936 848 1022 (Echio,
866 935 896 1014 l,
918 955 945 1000 e.
971 936 1027 1020 10)
1050 937 1138 1021 quod

212 1026 320 1091 ultima
344 1024 471 1090 solicitas
510 1025 643 1090 hominis
681 1037 726 1089 est
751 1025 781 1088 in
806 1023 1025 1111 speculatione
1049 1024 1137 1089 unde

213 1129 295 1202 patet
318 1113 400 1201 quod
425 1134 487 1178 non
511 1127 557 1178 est
572 1114 603 1178 iu
627 1126 696 1178 actu
712 1112 840 1198 alicujus
857 1113 974 1178 virtutis
997 1113 1138 1192 moralis,

213 1224 272 1268 nec
295 1203 487 1290 prudentiae,
511 1223 568 1268 neo
591 1204 674 1277 artis,
697 1222 777 1288 quae
797 1215 901 1268 tamen
923 1215 995 1267 sunt
1017 1203 1138 1266 intelle·
1222 1249 1223 1270 i

213 1293 338 1358 ctuales.
363 1291 556 1377 Relinquitur
577 1291 669 1374 igitur
692 1290 776 1376 quod
799 1292 837 1355 sit
860 1292 1001 1377 operatio
1023 1311 1138 1356 seeun-

214 1383 288 1446 dunt
312 1382 505 1466 sapientiam,
527 1400 607 1466 quae
629 1393 678 1444 est
702 1380 866 1466 praecipua
890 1380 969 1444 inter
993 1382 1138 1444 tresresi-

214 1471 290 1537 duas
303 1469 533 1545 intellectuales,
549 1487 629 1555 quae
643 1481 715 1534 sunt
727 1468 886 1555 sapientia,
902 1469 1029 1533 seientia
1046 1482 1077 1533 et
1090 1470 1125 1534 in

213 1560 366 1639 tellectus,
387 1573 419 1623 ut
431 1559 562 1624 ostendit
585 1558 707 1644 (Ethie,
725 1558 755 1635 6,
767 1579 794 1623 o.
810 1553 951 1638 l);unde
963 1570 994 1622 et
1014 1559 1140 1643 sapien·

213 1664 275 1714 tem
296 1649 412 1733 judicat
435 1667 502 1712 esse
526 1645 645 1711 felicem
662 1647 784 1734 (Echio,
798 1647 849 1722 l0,
866 1666 893 1710 c.
916 1645 962 1731 8).
979 1645 1139 1732 Sapientia

215 1752 329 1816 autem,
352 1736 523 1802 secundom
546 1736 660 1821 ipsum,
683 1747 812 1800 estune
846 1735 885 1800 de
908 1735 1040 1800 scientiis
1063 1755 1139 1821 spe-

214 1827 363 1903 culativis,
382 1837 473 1911 caput
485 1823 627 1898 aliarum,
641 1837 673 1888 ut
685 1823 796 1890 dieitur
809 1825 839 1888 in
852 1838 937 1889 sexto
956 1824 1140 1889 Ethicorum

215 1917 256 2000 (c.
281 1915 328 1997 8);
345 1927 385 1991 et,
400 1915 431 1977 in
450 1913 599 1999 principio
615 1913 850 1999 lletaplrysicae,
866 1913 1025 1978 scientiam
1040 1933 1138 1998 quam

215 2007 245 2068 in
270 2004 322 2068 illo
346 2003 425 2067 libro
460 2001 581 2065 tradere
605 2002 744 2079 intendit,
778 2002 959 2088 sapientiam
984 2005 1137 2067 nominat.

215 2093 301 2158 Patet
325 2111 400 2176 ergo
423 2090 506 2176 quod
530 2090 634 2176 opinio
658 2090 825 2157 Aristotelis
848 2089 904 2155 luit
920 2091 1003 2175 quod
1027 2091 1139 2157 ultima

214 2182 342 2247 felicitas
366 2200 459 2265 quarn
483 2179 579 2243 homo
603 2179 634 2242 in
670 2180 727 2243 hac
750 2180 810 2244 vita
836 2179 996 2266 acquirere
1025 2194 1139 2264 potest,

215 2275 254 2336 sit
277 2269 413 2354 cognitio
448 2268 604 2332 derebus
637 2267 759 2344 divinis,
783 2268 881 2353 qualis
915 2289 969 2354 per
992 2269 1138 2334 scientias

214 2358 416 2446 speculativas
432 2356 539 2423 haberi
552 2369 661 2442 potest.
675 2356 730 2420 llle
742 2372 845 2422 autem
860 2357 1011 2443 posterior
1024 2357 1139 2422 modus

215 2446 420 2533 cognoscendi
444 2466 493 2511 res
516 2445 645 2519 divinas,
662 2465 725 2509 non
748 2465 804 2532 per
826 2447 906 2510 viam
934 2446 1135 2511 scientiarum

215 2534 483 2623 speculativarum,
505 2532 560 2598 sed
582 2533 718 2618 quodam
734 2535 940 2618 generationis
956 2533 1064 2599 ordine
1082 2555 1139 2604 na-

215 2625 315 2704 turali,
337 2637 384 2690 est
405 2622 554 2689 confictus
577 2623 617 2686 ab
638 2623 861 2712 expositoribus
884 2622 1081 2709 quibusdam.

528 2797 823 2867 CAPUTXLV.

261 2980 350 3061 Quod
377 2997 439 3043 ooo
458 2995 625 3062 possumus
647 2976 752 3062 aliquo
775 2977 867 3041 modo
890 2979 923 3042 io
946 2979 1005 3043 ltoc
1027 2980 1092 3044 cito

383 3068 554 3151 intellipere
576 3064 768 3132 substantias
792 3077 967 3150 separatos.

279 3245 358 3326 Quia
381 3245 482 3329 igitur,
516 3242 688 3309 secundum
717 3241 829 3308 modos
859 3243 1041 3330 praedictos,
1064 3243 1140 3308 sub·

215 3335 344 3398 stantiae
366 3348 525 3420 separatae
548 3353 611 3397 non
634 3345 763 3419 possunt
785 3333 930 3417 cognosci
953 3353 970 3398 a
993 3330 1082 3396 nobis
1105 3333 1137 3396 in

214 3426 273 3487 vita
298 3427 363 3498 ista,
386 3421 604 3508 inquirendum
621 3433 715 3486 restat
737 3435 841 3486 utrum
864 3421 967 3508 aliquo
990 3419 1084 3484 modo
1103 3421 1135 3484 in

213 3513 271 3578 rita
294 3512 350 3578 ista
373 3511 556 3576 substantias
578 3523 732 3596 separatas
761 3509 931 3595 intelligere
969 3509 1137 3598 possimus.
