2452 3970
360 221 416 263 arn.
440 219 482 266 ra.
505 219 567 266 cir.
593 221 618 264 ι.
643 218 679 266 ar
701 219 737 264 ar.
960 199 1021 274 lid

98 284 200 352 Deum
220 305 275 372 per
297 289 462 354 esseratiam
485 309 573 354 suam
593 305 794 370 cognoscere.
812 287 905 354 llalto
930 288 1021 371 igitar
1055 293 1062 322 '

98 377 197 460 tnagis
223 376 410 442 substantiae
433 391 591 464 separatae
615 378 674 442 hae
696 377 876 442 naturaliter
898 376 1019 442 deside·
1111 383 1118 386 “

96 481 174 528 rant.
203 463 271 530 Nan
296 466 388 552 igitar
411 465 441 529 in
464 467 641 552 cognitione
665 464 895 552 Deipraediata
909 485 1019 547 eorum

95 553 289 618 desideriam
324 555 487 641 quietatur.

163 643 209 708 Ex
248 644 360 729 quibas
397 643 592 710 concluditur
627 641 710 731 qaod
748 641 853 708 ultima
892 641 1019 714 felicitas

93 729 288 798 substantiae
311 745 470 818 separatae
494 754 556 798 uon
580 745 625 798 est
648 735 679 798 in
706 731 756 798 illa
774 732 949 816 cognitione
962 732 1019 796 Dei

92 840 154 904 qna
180 821 286 886 Deam
310 835 500 908 cognoscunt
524 842 578 907 per
608 843 678 886 snas
711 821 908 896 snbstantias,
948 841 1019 887 eam

93 909 200 974 aditae
225 931 332 976 earum
356 911 545 976 desiderium
567 909 659 976 ducat
689 930 740 979 eas
764 931 862 996 usqae
898 909 937 974 ad
961 911 1018 974 Dei

91 998 311 1064 substantiam.
338 999 371 1064 ln
394 1020 457 1086 qun
481 1001 574 1064 etiam
612 1001 684 1066 satis
719 1012 845 1085 apparet
879 999 961 1084 quod
987 1001 1017 1064 in

91 1085 182 1150 nullo
207 1089 269 1152 alio
292 1089 468 1173 quaerenda
491 1103 538 1154 est
561 1087 667 1154 ultima
704 1087 831 1154 leliaitas
868 1108 962 1174 qaam
986 1089 1017 1152 in

92 1177 277 1260 operatione
300 1177 480 1255 intellectus,
504 1198 574 1242 cnm
597 1177 717 1244 nullum
740 1177 928 1244 desideriunt
953 1192 1015 1242 tam

90 1263 122 1326 in
146 1265 287 1330 sublime
310 1264 426 1332 ieratur
463 1266 540 1332 sicat
575 1266 762 1332 desiderium
798 1263 1015 1350 intelligendae

91 1354 242 1430 veritatis
265 1356 369 1420 ornain
393 1375 528 1440 namque
549 1355 700 1420 desideria
724 1369 837 1432 nostra,
859 1355 907 1418 vel
931 1355 1014 1420 dele-

90 1443 238 1507 ctationis
262 1445 310 1508 vel
333 1443 555 1530 cujuscumque
579 1443 704 1510 alterins
727 1443 811 1529 quad
834 1443 874 1508 ab
888 1443 1014 1520 homine

91 1530 300 1609 desideratur,
324 1533 355 1596 in
379 1533 445 1597 aliis
469 1539 562 1598 rebus
585 1533 744 1619 quiescere
768 1544 905 1618 pessaria
936 1531 1015 1600 desi·

91 1617 217 1684 derium
243 1635 345 1686 autem
386 1621 578 1708 praedictum
613 1641 677 1686 nan
711 1620 849 1706 quiescit,
884 1621 941 1687 nisi
975 1623 1014 1686 ad

91 1727 253 1774 summam
278 1730 382 1776 reram
409 1711 568 1776 cardinem
592 1709 791 1776 etiactorem
830 1711 1013 1795 pervenerit.

159 1797 293 1884 Propter
316 1799 400 1884 quod
423 1801 641 1864 conuenienter
664 1798 822 1885 Sapientia
844 1797 925 1862 dicit:
952 1798 1013 1884 Epo

91 1883 126 1948 iit
147 1887 313 1952 altissimis
334 1888 483 1967 dubitaui,
507 1900 536 1954 ct
560 1889 686 1956 chroma
708 1907 793 1954 meus
815 1887 848 1952 tit
870 1889 1013 1956 calamna

69 1973 195 2053 ‘andi-s,
218 1975 323 2055 Ecaii,
346 1978 399 2056 bi,
421 1978 452 2054 7,
476 1990 506 2041 et
529 1977 639 2046 dieitur
660 1977 745 2062 qaod
772 1977 931 2060 Sapientia
955 1997 1010 2046 ua-

51 2063 54 2068 '
91 2062 184 2128 uillas
208 2085 282 2130 suas
304 2079 394 2131 noent
416 2066 459 2130 nd
485 2086 599 2141 arcem,
624 2065 769 2130 Proverb.
793 2066 824 2142 9,
847 2065 876 2130 5.

156 2154 346 2220 Erubesoant
369 2156 460 2240 igitur
483 2157 534 2240 qni
559 2153 735 2220 felicitatem
764 2153 908 2229 bominis,
947 2167 1010 2228 tam

91 2237 241 2308 altissime
263 2245 364 2321 sitam,
387 2247 418 2310 in
442 2243 555 2310 infimis
578 2243 672 2310 rebus
695 2257 856 2329 quaerunt.

426 2421 595 2511 strar
634 2420 679 2486 ar.

206 2599 365 2680 Quomodo
390 2601 539 2684 Dcasper
561 2600 724 2665 emendam
746 2593 914 2667 uidentur.'

157 2777 235 2843 Cura
259 2791 361 2844 autem
386 2775 576 2863 impossibile
599 2777 637 2842 sit
660 2777 798 2842 naturale
821 2775 1008 2844 desiderium

92 2881 158 2929 esse
183 2869 274 2932 inane
290 2864 386 2952 (qaod
410 2867 539 2950 quidem
560 2879 651 2942 esset,
671 2867 697 2930 si
723 2887 784 2930 noa
808 2879 887 2930 esset
912 2869 1008 2950 posei-

93 2951 153 3018 bile
179 2959 339 3042 pervenire
356 2955 541 3020 addiviaam
559 2955 759 3020 substantiam
776 2954 1007 3038 intelligendam

93 3045 175 3125 quod
198 3045 378 3109 naturaliter
394 3064 502 3108 amnes
519 3059 638 3108 rnerrtes
650 3043 825 3109 desiderunt
842 3039 865 3122 l,
882 3063 1007 3108 neeesse

95 3144 139 3194 est
161 3133 264 3198 dicere
287 3133 370 3219 quad
394 3131 540 3219 possibile
562 3146 609 3196 est
631 3132 833 3198 substantiam
871 3130 929 3194 Dei
967 3136 1009 3196 vi·

82 3218 156 3283 -deri
181 3243 235 3307 per
258 3223 456 3298 intellectam,
479 3236 510 3286 et
533 3221 737 3296 asabstaatiis
751 3217 1007 3286 intellectualibus

93 3313 238 3394 separatis
267 3327 300 3376 et
335 3312 376 3376 ab
405 3311 566 3377 animabus
600 3311 721 3376 nostris.
759 3308 867 3376 bladus
900 3324 1005 3376 autern

94 3395 182 3482 bajas
206 3400 424 3466 visionis-satis
445 3399 510 3485 jam
535 3419 570 3464 err
595 3401 681 3486 dietis
711 3400 808 3486 qualis
847 3419 913 3464 esse
951 3401 1005 3462 de·
1044 3443 1050 3456 t

93 3481 159 3552 lieet
182 3505 318 3576 apparet.
339 3488 508 3559 distensam
533 3489 617 3578 enim
641 3502 701 3561 est:
724 3509 816 3578 supra
842 3483 903 3574 (c.=
934 3488 1003 3573 49)

181 3577 211 3644 S.
241 3578 294 3642 Ta.
322 3577 465 3644 Summae
481 3578 560 3643 Patr.
587 3577 618 3644 V.
642 3578 672 3642 9.
877 3575 917 3641 lli
