<?xml version="1.0" encoding="UTF-8"?>
<!DOCTYPE html PUBLIC "-//W3C//DTD XHTML 1.0 Transitional//EN"
    "http://www.w3.org/TR/xhtml1/DTD/xhtml1-transitional.dtd">
<html xmlns="http://www.w3.org/1999/xhtml" xml:lang="en" lang="en">
 <head>
  <title>
</title>
<meta http-equiv="Content-Type" content="text/html;charset=utf-8" />
  <meta name='ocr-system' content='tesseract 3.04.00' />
  <meta name='ocr-capabilities' content='ocr_page ocr_carea ocr_par ocr_line ocrx_word'/>
</head>
<body>
  <div class='ocr_page' id='page_1' title='image "./sanctithomaeaqu00thomgoog_0151.png"; bbox 0 0 2452 3970; ppageno 0'>
   <div class='ocr_carea' id='block_1_1' title="bbox 192 208 1146 3405">
    <p class='ocr_par' dir='ltr' id='par_1_1' title="bbox 210 208 1136 1629">
     <span class='ocr_line' id='line_1_1' title="bbox 211 208 811 276; baseline -0.003 0"><span class='ocrx_word' id='word_1_1' title='bbox 211 208 274 276; x_wconf 77' lang='lat' dir='ltr'><strong>lto</strong></span> <span class='ocrx_word' id='word_1_2' title='bbox 543 227 598 272; x_wconf 86' lang='lat' dir='ltr'><strong>na.</strong></span> <span class='ocrx_word' id='word_1_3' title='bbox 622 229 663 273; x_wconf 93' lang='grc' dir='ltr'>ιιι.</span> <span class='ocrx_word' id='word_1_4' title='bbox 687 227 751 274; x_wconf 81' lang='lat' dir='ltr'><strong>cto.</strong></span> <span class='ocrx_word' id='word_1_5' title='bbox 774 229 811 274; x_wconf 90' lang='grc' dir='ltr'><strong>ιι.</strong></span> 
     </span>
     <span class='ocr_line' id='line_1_2' title="bbox 211 294 1129 386; baseline -0.007 -22"><span class='ocrx_word' id='word_1_6' title='bbox 211 298 294 386; x_wconf 91' lang='lat' dir='ltr'><strong>quod</strong></span> <span class='ocrx_word' id='word_1_7' title='bbox 318 296 419 361; x_wconf 83' lang='lat' dir='ltr'><strong>divina</strong></span> <span class='ocrx_word' id='word_1_8' title='bbox 435 295 603 362; x_wconf 89' lang='lat' dir='ltr'><strong>substantia</strong></span> <span class='ocrx_word' id='word_1_9' title='bbox 627 317 689 364; x_wconf 91' lang='lat' dir='ltr'><strong>non</strong></span> <span class='ocrx_word' id='word_1_10' title='bbox 726 311 827 386; x_wconf 89' lang='lat' dir='ltr'><strong>potest</strong></span> <span class='ocrx_word' id='word_1_11' title='bbox 864 295 960 362; x_wconf 82' lang='lat' dir='ltr'><strong>videri</strong></span> <span class='ocrx_word' id='word_1_12' title='bbox 999 315 1054 384; x_wconf 96' lang='grc' dir='ltr'><strong>ρει</strong></span> <span class='ocrx_word' id='word_1_13' title='bbox 1077 294 1129 359; x_wconf 91' lang='lat' dir='ltr'><strong>in-</strong></span> 
     </span>
     <span class='ocr_line' id='line_1_3' title="bbox 211 385 1129 472; baseline -0.004 -21"><span class='ocrx_word' id='word_1_14' title='bbox 211 388 364 452; x_wconf 84' lang='lat' dir='ltr'><strong>tellectum</strong></span> <span class='ocrx_word' id='word_1_15' title='bbox 389 385 544 470; x_wconf 72' lang='lat' dir='ltr'><strong>ittaliqua</strong></span> <span class='ocrx_word' id='word_1_16' title='bbox 567 387 669 472; x_wconf 82' lang='lat' dir='ltr'><strong>specie</strong></span> <span class='ocrx_word' id='word_1_17' title='bbox 692 400 804 463; x_wconf 82' lang='lat' dir='ltr'><strong>creata3</strong></span> <span class='ocrx_word' id='word_1_18' title='bbox 838 387 921 450; x_wconf 89' lang='lat' dir='ltr'><strong>uude</strong></span> <span class='ocrx_word' id='word_1_19' title='bbox 945 399 1077 471; x_wconf 83' lang='lat' dir='ltr'><strong>oportet,</strong></span> <span class='ocrx_word' id='word_1_20' title='bbox 1101 385 1129 448; x_wconf 92' lang='lat' dir='ltr'><strong>si</strong></span> 
     </span>
     <span class='ocr_line' id='line_1_4' title="bbox 211 474 1128 562; baseline -0.007 -20"><span class='ocrx_word' id='word_1_21' title='bbox 211 477 269 542; x_wconf 89' lang='lat' dir='ltr'><strong>Dei</strong></span> <span class='ocrx_word' id='word_1_22' title='bbox 293 477 423 540; x_wconf 73' lang='lat' dir='ltr'><strong>essentia</strong></span> <span class='ocrx_word' id='word_1_23' title='bbox 447 474 596 553; x_wconf 82' lang='lat' dir='ltr'><strong>videatur,</strong></span> <span class='ocrx_word' id='word_1_24' title='bbox 619 474 703 561; x_wconf 93' lang='lat' dir='ltr'><strong>quod</strong></span> <span class='ocrx_word' id='word_1_25' title='bbox 727 495 782 562; x_wconf 90' lang='grc' dir='ltr'><strong>ρει</strong></span> <span class='ocrx_word' id='word_1_26' title='bbox 819 474 985 560; x_wconf 88' lang='lat' dir='ltr'><strong>ipsammet</strong></span> <span class='ocrx_word' id='word_1_27' title='bbox 1018 493 1128 538; x_wconf 88' lang='lat' dir='ltr'><strong>essen-</strong></span> 
     </span>
     <span class='ocr_line' id='line_1_5' title="bbox 212 562 1129 649; baseline -0.004 -19"><span class='ocrx_word' id='word_1_28' title='bbox 212 568 284 630; x_wconf 89' lang='lat' dir='ltr'><strong>tiam</strong></span> <span class='ocrx_word' id='word_1_29' title='bbox 309 564 443 629; x_wconf 87' lang='lat' dir='ltr'><strong>divinam</strong></span> <span class='ocrx_word' id='word_1_30' title='bbox 466 562 638 628; x_wconf 72' lang='lat' dir='ltr'><strong>intellectus</strong></span> <span class='ocrx_word' id='word_1_31' title='bbox 662 565 759 649; x_wconf 83' lang='lat' dir='ltr'><strong>ipsam</strong></span> <span class='ocrx_word' id='word_1_32' title='bbox 796 563 908 644; x_wconf 87' lang='lat' dir='ltr'><strong>uideat,</strong></span> <span class='ocrx_word' id='word_1_33' title='bbox 931 577 965 628; x_wconf 89' lang='lat' dir='ltr'><strong>ut</strong></span> <span class='ocrx_word' id='word_1_34' title='bbox 1002 564 1055 640; x_wconf 88' lang='lat' dir='ltr'><strong>sie,</strong></span> <span class='ocrx_word' id='word_1_35' title='bbox 1096 563 1129 626; x_wconf 91' lang='lat' dir='ltr'><strong>in</strong></span> 
     </span>
     <span class='ocr_line' id='line_1_6' title="bbox 210 651 1129 740; baseline -0.003 -23"><span class='ocrx_word' id='word_1_36' title='bbox 210 655 262 720; x_wconf 91' lang='lat' dir='ltr'><strong>tali</strong></span> <span class='ocrx_word' id='word_1_37' title='bbox 287 653 412 728; x_wconf 82' lang='lat' dir='ltr'><strong>visione,</strong></span> <span class='ocrx_word' id='word_1_38' title='bbox 436 651 538 716; x_wconf 85' lang='lat' dir='ltr'><strong>divina</strong></span> <span class='ocrx_word' id='word_1_39' title='bbox 573 654 704 717; x_wconf 79' lang='lat' dir='ltr'><strong>essentia</strong></span> <span class='ocrx_word' id='word_1_40' title='bbox 740 655 778 718; x_wconf 90' lang='lat' dir='ltr'><strong>sit</strong></span> <span class='ocrx_word' id='word_1_41' title='bbox 812 666 842 717; x_wconf 89' lang='lat' dir='ltr'><strong>et</strong></span> <span class='ocrx_word' id='word_1_42' title='bbox 881 653 964 740; x_wconf 91' lang='lat' dir='ltr'><strong>quod</strong></span> <span class='ocrx_word' id='word_1_43' title='bbox 1004 651 1129 716; x_wconf 82' lang='lat' dir='ltr'><strong>videtur</strong></span> 
     </span>
     <span class='ocr_line' id='line_1_7' title="bbox 211 739 1128 830; baseline -0.005 -22"><span class='ocrx_word' id='word_1_44' title='bbox 211 755 242 808; x_wconf 86' lang='grc' dir='ltr'><strong>ει</strong></span> <span class='ocrx_word' id='word_1_45' title='bbox 264 763 325 830; x_wconf 92' lang='lat' dir='ltr'><strong>qno</strong></span> <span class='ocrx_word' id='word_1_46' title='bbox 348 742 478 806; x_wconf 80' lang='lat' dir='ltr'><strong>videtur.</strong></span> <span class='ocrx_word' id='word_1_47' title='bbox 501 739 579 806; x_wconf 86' lang='lat' dir='ltr'><strong>Cum</strong></span> <span class='ocrx_word' id='word_1_48' title='bbox 602 755 706 806; x_wconf 91' lang='lat' dir='ltr'><strong>autem</strong></span> <span class='ocrx_word' id='word_1_49' title='bbox 728 741 901 807; x_wconf 77' lang='lat' dir='ltr'><strong>intellectus</strong></span> <span class='ocrx_word' id='word_1_50' title='bbox 923 740 1128 807; x_wconf 76' lang='lat' dir='ltr'><strong>substantiam</strong></span> 
     </span>
     <span class='ocr_line' id='line_1_8' title="bbox 213 829 1128 918; baseline -0.004 -22"><span class='ocrx_word' id='word_1_51' title='bbox 213 833 347 918; x_wconf 83' lang='lat' dir='ltr'><strong>aliquam</strong></span> <span class='ocrx_word' id='word_1_52' title='bbox 372 829 543 914; x_wconf 87' lang='lat' dir='ltr'><strong>intelligere</strong></span> <span class='ocrx_word' id='word_1_53' title='bbox 567 850 629 894; x_wconf 91' lang='lat' dir='ltr'><strong>non</strong></span> <span class='ocrx_word' id='word_1_54' title='bbox 653 832 759 915; x_wconf 87' lang='lat' dir='ltr'><strong>possit,</strong></span> <span class='ocrx_word' id='word_1_55' title='bbox 782 831 840 894; x_wconf 89' lang='lat' dir='ltr'><strong>nisi</strong></span> <span class='ocrx_word' id='word_1_56' title='bbox 857 832 909 896; x_wconf 87' lang='lat' dir='ltr'><strong>liat</strong></span> <span class='ocrx_word' id='word_1_57' title='bbox 925 844 993 894; x_wconf 86' lang='lat' dir='ltr'><strong>autu</strong></span> <span class='ocrx_word' id='word_1_58' title='bbox 1016 849 1128 894; x_wconf 88' lang='lat' dir='ltr'><strong>seeun-</strong></span> 
     </span>
     <span class='ocr_line' id='line_1_9' title="bbox 212 919 1129 1006; baseline -0.007 -20"><span class='ocrx_word' id='word_1_59' title='bbox 212 923 286 986; x_wconf 85' lang='lat' dir='ltr'><strong>dum</strong></span> <span class='ocrx_word' id='word_1_60' title='bbox 311 920 444 1004; x_wconf 81' lang='lat' dir='ltr'><strong>aliquam</strong></span> <span class='ocrx_word' id='word_1_61' title='bbox 468 919 601 1004; x_wconf 87' lang='lat' dir='ltr'><strong>speeiem</strong></span> <span class='ocrx_word' id='word_1_62' title='bbox 640 919 860 984; x_wconf 81' lang='lat' dir='ltr'><strong>informantem</strong></span> <span class='ocrx_word' id='word_1_63' title='bbox 896 921 1007 1006; x_wconf 87' lang='lat' dir='ltr'><strong>ipsum,</strong></span> <span class='ocrx_word' id='word_1_64' title='bbox 1045 938 1129 1004; x_wconf 89' lang='lat' dir='ltr'><strong>qnae</strong></span> 
     </span>
     <span class='ocr_line' id='line_1_10' title="bbox 212 1007 1129 1096; baseline -0.005 -22"><span class='ocrx_word' id='word_1_65' title='bbox 212 1011 250 1075; x_wconf 86' lang='lat' dir='ltr'><strong>sit</strong></span> <span class='ocrx_word' id='word_1_66' title='bbox 272 1007 439 1074; x_wconf 89' lang='lat' dir='ltr'><strong>similitudo</strong></span> <span class='ocrx_word' id='word_1_67' title='bbox 462 1009 506 1072; x_wconf 82' lang='lat' dir='ltr'><strong>tei</strong></span> <span class='ocrx_word' id='word_1_68' title='bbox 530 1007 712 1086; x_wconf 82' lang='lat' dir='ltr'><strong>intellectae,</strong></span> <span class='ocrx_word' id='word_1_69' title='bbox 735 1007 925 1095; x_wconf 87' lang='lat' dir='ltr'><strong>impossibile</strong></span> <span class='ocrx_word' id='word_1_70' title='bbox 949 1020 1047 1096; x_wconf 90' lang='lat' dir='ltr'><strong>potest</strong></span> <span class='ocrx_word' id='word_1_71' title='bbox 1070 1007 1129 1070; x_wconf 88' lang='lat' dir='ltr'><strong>ali·</strong></span> 
     </span>
     <span class='ocr_line' id='line_1_11' title="bbox 213 1095 1131 1182; baseline -0.003 -20"><span class='ocrx_word' id='word_1_72' title='bbox 213 1098 262 1162; x_wconf 85' lang='lat' dir='ltr'><strong>cni</strong></span> <span class='ocrx_word' id='word_1_73' title='bbox 287 1097 382 1162; x_wconf 83' lang='lat' dir='ltr'><strong>videri</strong></span> <span class='ocrx_word' id='word_1_74' title='bbox 406 1095 489 1182; x_wconf 92' lang='lat' dir='ltr'><strong>quod</strong></span> <span class='ocrx_word' id='word_1_75' title='bbox 514 1117 569 1182; x_wconf 87' lang='lat' dir='ltr'><strong>per</strong></span> <span class='ocrx_word' id='word_1_76' title='bbox 591 1098 758 1162; x_wconf 87' lang='lat' dir='ltr'><strong>essentiam</strong></span> <span class='ocrx_word' id='word_1_77' title='bbox 780 1097 918 1162; x_wconf 87' lang='lat' dir='ltr'><strong>divinam</strong></span> <span class='ocrx_word' id='word_1_78' title='bbox 956 1095 1131 1161; x_wconf 82' lang='lat' dir='ltr'><strong>intellectus</strong></span> 
     </span>
     <span class='ocr_line' id='line_1_12' title="bbox 214 1185 1132 1272; baseline -0.003 -21"><span class='ocrx_word' id='word_1_79' title='bbox 214 1199 334 1252; x_wconf 81' lang='lat' dir='ltr'><strong>creatus</strong></span> <span class='ocrx_word' id='word_1_80' title='bbox 357 1186 451 1272; x_wconf 84' lang='lat' dir='ltr'><strong>possit</strong></span> <span class='ocrx_word' id='word_1_81' title='bbox 474 1185 578 1250; x_wconf 81' lang='lat' dir='ltr'><strong>uidete</strong></span> <span class='ocrx_word' id='word_1_82' title='bbox 611 1186 709 1272; x_wconf 91' lang='lat' dir='ltr'><strong>ipsam</strong></span> <span class='ocrx_word' id='word_1_83' title='bbox 744 1185 878 1250; x_wconf 86' lang='lat' dir='ltr'><strong>divinam</strong></span> <span class='ocrx_word' id='word_1_84' title='bbox 915 1185 1132 1263; x_wconf 87' lang='lat' dir='ltr'><strong>substantiam,</strong></span> 
     </span>
     <span class='ocr_line' id='line_1_13' title="bbox 217 1273 1133 1362; baseline -0.002 -23"><span class='ocrx_word' id='word_1_85' title='bbox 217 1277 303 1362; x_wconf 90' lang='lat' dir='ltr'><strong>quasi</strong></span> <span class='ocrx_word' id='word_1_86' title='bbox 335 1293 391 1360; x_wconf 94' lang='grc' dir='ltr'><strong>ρει</strong></span> <span class='ocrx_word' id='word_1_87' title='bbox 413 1273 581 1360; x_wconf 90' lang='lat' dir='ltr'><strong>quamdam</strong></span> <span class='ocrx_word' id='word_1_88' title='bbox 616 1276 751 1362; x_wconf 88' lang='lat' dir='ltr'><strong>speeiem</strong></span> <span class='ocrx_word' id='word_1_89' title='bbox 787 1275 1024 1358; x_wconf 77' lang='lat' dir='ltr'><strong>intelligibilem,</strong></span> <span class='ocrx_word' id='word_1_90' title='bbox 1058 1295 1133 1338; x_wconf 85' lang='lat' dir='ltr'><strong>aum</strong></span> 
     </span>
     <span class='ocr_line' id='line_1_14' title="bbox 216 1363 1135 1450; baseline -0.002 -22"><span class='ocrx_word' id='word_1_91' title='bbox 216 1365 318 1428; x_wconf 86' lang='lat' dir='ltr'><strong>divina</strong></span> <span class='ocrx_word' id='word_1_92' title='bbox 341 1365 471 1428; x_wconf 89' lang='lat' dir='ltr'><strong>essentia</strong></span> <span class='ocrx_word' id='word_1_93' title='bbox 495 1363 533 1427; x_wconf 90' lang='lat' dir='ltr'><strong>sit</strong></span> <span class='ocrx_word' id='word_1_94' title='bbox 556 1363 712 1448; x_wconf 89' lang='lat' dir='ltr'><strong>quoddam</strong></span> <span class='ocrx_word' id='word_1_95' title='bbox 726 1384 782 1450; x_wconf 81' lang='lat' dir='ltr'><strong>per</strong></span> <span class='ocrx_word' id='word_1_96' title='bbox 804 1365 939 1450; x_wconf 90' lang='lat' dir='ltr'><strong>seipsum</strong></span> <span class='ocrx_word' id='word_1_97' title='bbox 952 1363 1135 1440; x_wconf 88' lang='lat' dir='ltr'><strong>subsistens,</strong></span> 
     </span>
     <span class='ocr_line' id='line_1_15' title="bbox 217 1451 1136 1540; baseline -0.002 -22"><span class='ocrx_word' id='word_1_98' title='bbox 217 1469 247 1518; x_wconf 88' lang='lat' dir='ltr'><strong>ut</strong></span> <span class='ocrx_word' id='word_1_99' title='bbox 269 1467 427 1518; x_wconf 88' lang='lat' dir='ltr'><strong>ostensum</strong></span> <span class='ocrx_word' id='word_1_100' title='bbox 450 1453 488 1516; x_wconf 88' lang='lat' dir='ltr'><strong>sit</strong></span> <span class='ocrx_word' id='word_1_101' title='bbox 511 1451 557 1538; x_wconf 94' lang='lat' dir='ltr'><strong>(l.</strong></span> <span class='ocrx_word' id='word_1_102' title='bbox 583 1453 612 1532; x_wconf 91' lang='lat' dir='ltr'><strong>l,</strong></span> <span class='ocrx_word' id='word_1_103' title='bbox 636 1473 662 1518; x_wconf 84' lang='lat' dir='ltr'><strong>a.</strong></span> <span class='ocrx_word' id='word_1_104' title='bbox 687 1453 760 1540; x_wconf 74' lang='lat'><strong>⁶29)</strong></span> <span class='ocrx_word' id='word_1_105' title='bbox 794 1452 879 1540; x_wconf 91' lang='lat' dir='ltr'><strong>qnod</strong></span> <span class='ocrx_word' id='word_1_106' title='bbox 912 1452 996 1518; x_wconf 87' lang='lat' dir='ltr'><strong>Deus</strong></span> <span class='ocrx_word' id='word_1_107' title='bbox 1017 1451 1136 1516; x_wconf 88' lang='lat' dir='ltr'><strong>nullius</strong></span> 
     </span>
     <span class='ocr_line' id='line_1_16' title="bbox 211 1540 541 1629; baseline -0.012 -21"><span class='ocrx_word' id='word_1_108' title='bbox 211 1556 318 1629; x_wconf 88' lang='lat' dir='ltr'><strong>potest</strong></span> <span class='ocrx_word' id='word_1_109' title='bbox 340 1560 408 1606; x_wconf 89' lang='lat' dir='ltr'><strong>esse</strong></span> <span class='ocrx_word' id='word_1_110' title='bbox 431 1540 541 1606; x_wconf 82' lang='lat' dir='ltr'><strong>forma.</strong></span> 
     </span>
    </p>

    <p class='ocr_par' dir='ltr' id='par_1_2' title="bbox 192 1629 1146 3405">
     <span class='ocr_line' id='line_1_17' title="bbox 284 1629 1138 1715; baseline -0.002 -21"><span class='ocrx_word' id='word_1_111' title='bbox 284 1630 329 1694; x_wconf 82' lang='lat' dir='ltr'><strong>ild</strong></span> <span class='ocrx_word' id='word_1_112' title='bbox 354 1629 532 1714; x_wconf 86' lang='lat' dir='ltr'><strong>hujusmodi</strong></span> <span class='ocrx_word' id='word_1_113' title='bbox 556 1629 649 1714; x_wconf 82' lang='lat' dir='ltr'><strong>igitur</strong></span> <span class='ocrx_word' id='word_1_114' title='bbox 672 1630 905 1715; x_wconf 87' lang='lat' dir='ltr'><strong>intelligentiam</strong></span> <span class='ocrx_word' id='word_1_115' title='bbox 917 1629 1052 1694; x_wconf 80' lang='lat' dir='ltr'><strong>ueritatis</strong></span> <span class='ocrx_word' id='word_1_116' title='bbox 1062 1649 1138 1695; x_wconf 89' lang='lat' dir='ltr'><strong>eon-</strong></span> 
     </span>
     <span class='ocr_line' id='line_1_18' title="bbox 192 1717 1137 1804; baseline -0.002 -20"><span class='ocrx_word' id='word_1_117' title='bbox 192 1755 199 1766; x_wconf 86' lang='lat'><em>·</em></span> <span class='ocrx_word' id='word_1_118' title='bbox 218 1719 418 1784; x_wconf 84' lang='lat' dir='ltr'><strong>siderandum</strong></span> <span class='ocrx_word' id='word_1_119' title='bbox 443 1732 488 1783; x_wconf 89' lang='lat' dir='ltr'><strong>est</strong></span> <span class='ocrx_word' id='word_1_120' title='bbox 511 1717 596 1804; x_wconf 92' lang='lat' dir='ltr'><strong>quod</strong></span> <span class='ocrx_word' id='word_1_121' title='bbox 618 1719 787 1784; x_wconf 86' lang='lat' dir='ltr'><strong>substantia</strong></span> <span class='ocrx_word' id='word_1_122' title='bbox 810 1738 890 1804; x_wconf 90' lang='lat' dir='ltr'><strong>qnae</strong></span> <span class='ocrx_word' id='word_1_123' title='bbox 920 1733 966 1783; x_wconf 88' lang='lat' dir='ltr'><strong>est</strong></span> <span class='ocrx_word' id='word_1_124' title='bbox 999 1738 1054 1804; x_wconf 87' lang='grc' dir='ltr'><strong>ρει</strong></span> <span class='ocrx_word' id='word_1_125' title='bbox 1074 1719 1137 1783; x_wconf 90' lang='lat' dir='ltr'><strong>sei.-</strong></span> 
     </span>
     <span class='ocr_line' id='line_1_19' title="bbox 219 1806 1137 1897; baseline -0.003 -23"><span class='ocrx_word' id='word_1_126' title='bbox 219 1829 307 1897; x_wconf 87' lang='lat' dir='ltr'><strong>psam</strong></span> <span class='ocrx_word' id='word_1_127' title='bbox 330 1807 511 1884; x_wconf 88' lang='lat' dir='ltr'><strong>subsistens,</strong></span> <span class='ocrx_word' id='word_1_128' title='bbox 535 1821 582 1871; x_wconf 88' lang='lat' dir='ltr'><strong>est</strong></span> <span class='ocrx_word' id='word_1_129' title='bbox 606 1807 764 1873; x_wconf 85' lang='lat' dir='ltr'><strong>vellorma</strong></span> <span class='ocrx_word' id='word_1_130' title='bbox 788 1821 907 1872; x_wconf 88' lang='lat' dir='ltr'><strong>tantum</strong></span> <span class='ocrx_word' id='word_1_131' title='bbox 937 1806 985 1871; x_wconf 87' lang='lat' dir='ltr'><strong>vel</strong></span> <span class='ocrx_word' id='word_1_132' title='bbox 1008 1827 1137 1894; x_wconf 77' lang='lat' dir='ltr'><strong>compo-</strong></span> 
     </span>
     <span class='ocr_line' id='line_1_20' title="bbox 220 1894 1138 1982; baseline -0.001 -20"><span class='ocrx_word' id='word_1_133' title='bbox 220 1897 313 1962; x_wconf 83' lang='lat' dir='ltr'><strong>situm</strong></span> <span class='ocrx_word' id='word_1_134' title='bbox 338 1916 375 1960; x_wconf 89' lang='grc' dir='ltr'><strong>ειι</strong></span> <span class='ocrx_word' id='word_1_135' title='bbox 398 1897 527 1960; x_wconf 85' lang='lat' dir='ltr'><strong>materia</strong></span> <span class='ocrx_word' id='word_1_136' title='bbox 550 1909 581 1960; x_wconf 90' lang='grc' dir='ltr'><strong>ει</strong></span> <span class='ocrx_word' id='word_1_137' title='bbox 604 1894 713 1962; x_wconf 83' lang='lat' dir='ltr'><strong>lorina.</strong></span> <span class='ocrx_word' id='word_1_138' title='bbox 738 1896 815 1961; x_wconf 92' lang='lat' dir='ltr'><strong>lllnd</strong></span> <span class='ocrx_word' id='word_1_139' title='bbox 853 1897 945 1980; x_wconf 83' lang='lat' dir='ltr'><strong>igitur</strong></span> <span class='ocrx_word' id='word_1_140' title='bbox 967 1896 1052 1982; x_wconf 92' lang='lat' dir='ltr'><strong>quod</strong></span> <span class='ocrx_word' id='word_1_141' title='bbox 1088 1910 1138 1961; x_wconf 86' lang='lat' dir='ltr'><strong>est</strong></span> 
     </span>
     <span class='ocr_line' id='line_1_21' title="bbox 219 1983 1137 2072; baseline -0.002 -22"><span class='ocrx_word' id='word_1_142' title='bbox 219 2006 259 2051; x_wconf 89' lang='grc' dir='ltr'><strong>ειι</strong></span> <span class='ocrx_word' id='word_1_143' title='bbox 283 1983 411 2049; x_wconf 81' lang='lat' dir='ltr'><strong>materia</strong></span> <span class='ocrx_word' id='word_1_144' title='bbox 434 1998 464 2048; x_wconf 91' lang='lat' dir='ltr'><strong>et</strong></span> <span class='ocrx_word' id='word_1_145' title='bbox 487 1983 586 2048; x_wconf 83' lang='lat' dir='ltr'><strong>lorma</strong></span> <span class='ocrx_word' id='word_1_146' title='bbox 610 1987 815 2072; x_wconf 88' lang='lat' dir='ltr'><strong>compositum</strong></span> <span class='ocrx_word' id='word_1_147' title='bbox 840 2002 903 2049; x_wconf 89' lang='lat' dir='ltr'><strong>non</strong></span> <span class='ocrx_word' id='word_1_148' title='bbox 926 1999 1026 2072; x_wconf 85' lang='lat' dir='ltr'><strong>potest</strong></span> <span class='ocrx_word' id='word_1_149' title='bbox 1048 1984 1137 2048; x_wconf 82' lang='lat' dir='ltr'><strong>alteri</strong></span> 
     </span>
     <span class='ocr_line' id='line_1_22' title="bbox 220 2072 1137 2160; baseline 0 -22"><span class='ocrx_word' id='word_1_150' title='bbox 220 2095 288 2138; x_wconf 87' lang='lat' dir='ltr'><strong>esse</strong></span> <span class='ocrx_word' id='word_1_151' title='bbox 311 2072 421 2148; x_wconf 84' lang='lat' dir='ltr'><strong>lotma,</strong></span> <span class='ocrx_word' id='word_1_152' title='bbox 445 2073 517 2158; x_wconf 90' lang='lat' dir='ltr'><strong>quia</strong></span> <span class='ocrx_word' id='word_1_153' title='bbox 540 2072 639 2139; x_wconf 83' lang='lat' dir='ltr'><strong>lorma</strong></span> <span class='ocrx_word' id='word_1_154' title='bbox 663 2075 694 2139; x_wconf 93' lang='lat' dir='ltr'><strong>in</strong></span> <span class='ocrx_word' id='word_1_155' title='bbox 718 2095 755 2140; x_wconf 89' lang='lat' dir='ltr'><strong>eo</strong></span> <span class='ocrx_word' id='word_1_156' title='bbox 768 2074 833 2160; x_wconf 85' lang='lat' dir='ltr'><strong>jam</strong></span> <span class='ocrx_word' id='word_1_157' title='bbox 857 2087 904 2139; x_wconf 89' lang='lat' dir='ltr'><strong>est</strong></span> <span class='ocrx_word' id='word_1_158' title='bbox 929 2088 1084 2140; x_wconf 81' lang='lat' dir='ltr'><strong>eontracta</strong></span> <span class='ocrx_word' id='word_1_159' title='bbox 1096 2074 1137 2138; x_wconf 90' lang='lat' dir='ltr'><strong>ad</strong></span> 
     </span>
     <span class='ocr_line' id='line_1_23' title="bbox 218 2160 1138 2229; baseline -0.002 0"><span class='ocrx_word' id='word_1_160' title='bbox 218 2164 303 2229; x_wconf 88' lang='lat' dir='ltr'><strong>illam</strong></span> <span class='ocrx_word' id='word_1_161' title='bbox 337 2163 501 2227; x_wconf 84' lang='lat' dir='ltr'><strong>materiam</strong></span> <span class='ocrx_word' id='word_1_162' title='bbox 537 2175 571 2227; x_wconf 90' lang='lat' dir='ltr'><strong>ut</strong></span> <span class='ocrx_word' id='word_1_163' title='bbox 598 2163 724 2228; x_wconf 85' lang='lat' dir='ltr'><strong>alterius</strong></span> <span class='ocrx_word' id='word_1_164' title='bbox 762 2166 806 2228; x_wconf 87' lang='lat' dir='ltr'><strong>rei</strong></span> <span class='ocrx_word' id='word_1_165' title='bbox 840 2160 939 2228; x_wconf 83' lang='lat' dir='ltr'><strong>lotma</strong></span> <span class='ocrx_word' id='word_1_166' title='bbox 972 2182 1040 2229; x_wconf 87' lang='lat' dir='ltr'><strong>esse</strong></span> <span class='ocrx_word' id='word_1_167' title='bbox 1074 2183 1138 2228; x_wconf 90' lang='lat' dir='ltr'><strong>non</strong></span> 
     </span>
     <span class='ocr_line' id='line_1_24' title="bbox 218 2251 1138 2340; baseline 0 -24"><span class='ocrx_word' id='word_1_168' title='bbox 218 2253 322 2340; x_wconf 87' lang='lat' dir='ltr'><strong>possit.</strong></span> <span class='ocrx_word' id='word_1_169' title='bbox 347 2251 424 2316; x_wconf 91' lang='lat' dir='ltr'><strong>lllud</strong></span> <span class='ocrx_word' id='word_1_170' title='bbox 447 2265 550 2318; x_wconf 88' lang='lat' dir='ltr'><strong>autem</strong></span> <span class='ocrx_word' id='word_1_171' title='bbox 574 2251 658 2336; x_wconf 93' lang='lat' dir='ltr'><strong>quod</strong></span> <span class='ocrx_word' id='word_1_172' title='bbox 681 2253 724 2318; x_wconf 88' lang='lat' dir='ltr'><strong>sie</strong></span> <span class='ocrx_word' id='word_1_173' title='bbox 739 2267 785 2317; x_wconf 89' lang='lat' dir='ltr'><strong>est</strong></span> <span class='ocrx_word' id='word_1_174' title='bbox 806 2251 974 2316; x_wconf 86' lang='lat' dir='ltr'><strong>subsistens</strong></span> <span class='ocrx_word' id='word_1_175' title='bbox 991 2251 1138 2317; x_wconf 89' lang='lat' dir='ltr'><strong>utsolum</strong></span> 
     </span>
     <span class='ocr_line' id='line_1_25' title="bbox 219 2339 1140 2426; baseline -0.001 -21"><span class='ocrx_word' id='word_1_176' title='bbox 219 2357 323 2406; x_wconf 92' lang='lat' dir='ltr'><strong>tamen</strong></span> <span class='ocrx_word' id='word_1_177' title='bbox 346 2340 385 2405; x_wconf 90' lang='lat' dir='ltr'><strong>sit</strong></span> <span class='ocrx_word' id='word_1_178' title='bbox 407 2339 506 2405; x_wconf 86' lang='lat' dir='ltr'><strong>lorma</strong></span> <span class='ocrx_word' id='word_1_179' title='bbox 531 2355 630 2426; x_wconf 89' lang='lat' dir='ltr'><strong>potest</strong></span> <span class='ocrx_word' id='word_1_180' title='bbox 653 2340 739 2407; x_wconf 80' lang='lat' dir='ltr'><strong>alteri</strong></span> <span class='ocrx_word' id='word_1_181' title='bbox 756 2361 823 2406; x_wconf 90' lang='lat' dir='ltr'><strong>esse</strong></span> <span class='ocrx_word' id='word_1_182' title='bbox 839 2339 950 2416; x_wconf 82' lang='lat' dir='ltr'><strong>lorma,</strong></span> <span class='ocrx_word' id='word_1_183' title='bbox 965 2340 1140 2406; x_wconf 90' lang='lat' dir='ltr'><strong>dnmmodo</strong></span> 
     </span>
     <span class='ocr_line' id='line_1_26' title="bbox 219 2428 1140 2518; baseline -0.002 -24"><span class='ocrx_word' id='word_1_184' title='bbox 219 2450 287 2494; x_wconf 84' lang='lat' dir='ltr'><strong>ease</strong></span> <span class='ocrx_word' id='word_1_185' title='bbox 310 2449 410 2495; x_wconf 91' lang='lat' dir='ltr'><strong>suum</strong></span> <span class='ocrx_word' id='word_1_186' title='bbox 425 2431 463 2494; x_wconf 93' lang='lat' dir='ltr'><strong>sit</strong></span> <span class='ocrx_word' id='word_1_187' title='bbox 486 2428 545 2494; x_wconf 89' lang='lat' dir='ltr'><strong>tale</strong></span> <span class='ocrx_word' id='word_1_188' title='bbox 566 2429 649 2514; x_wconf 93' lang='lat' dir='ltr'><strong>quod</strong></span> <span class='ocrx_word' id='word_1_189' title='bbox 674 2430 712 2494; x_wconf 85' lang='lat' dir='ltr'><strong>ab</strong></span> <span class='ocrx_word' id='word_1_190' title='bbox 736 2429 839 2516; x_wconf 87' lang='lat' dir='ltr'><strong>aliquo</strong></span> <span class='ocrx_word' id='word_1_191' title='bbox 873 2429 932 2494; x_wconf 91' lang='lat' dir='ltr'><strong>alio</strong></span> <span class='ocrx_word' id='word_1_192' title='bbox 962 2431 1140 2518; x_wconf 85' lang='lat' dir='ltr'><strong>participari</strong></span> 
     </span>
     <span class='ocr_line' id='line_1_27' title="bbox 220 2516 1140 2606; baseline -0.002 -22"><span class='ocrx_word' id='word_1_193' title='bbox 220 2517 426 2606; x_wconf 84' lang='lat' dir='ltr'><strong>possit,sieut</strong></span> <span class='ocrx_word' id='word_1_194' title='bbox 450 2516 641 2583; x_wconf 86' lang='lat' dir='ltr'><strong>ostendimus</strong></span> <span class='ocrx_word' id='word_1_195' title='bbox 664 2519 710 2605; x_wconf 89' lang='lat' dir='ltr'><strong>(l.</strong></span> <span class='ocrx_word' id='word_1_196' title='bbox 735 2521 767 2598; x_wconf 68' lang='lat'><strong>2,</strong></span> <span class='ocrx_word' id='word_1_197' title='bbox 789 2540 816 2584; x_wconf 86' lang='grc' dir='ltr'>ε.</span> <span class='ocrx_word' id='word_1_198' title='bbox 853 2517 925 2604; x_wconf 85' lang='grc'><strong>68)</strong></span> <span class='ocrx_word' id='word_1_199' title='bbox 961 2519 1000 2584; x_wconf 89' lang='lat' dir='ltr'><strong>de</strong></span> <span class='ocrx_word' id='word_1_200' title='bbox 1035 2520 1140 2583; x_wconf 91' lang='lat' dir='ltr'><strong>anima</strong></span> 
     </span>
     <span class='ocr_line' id='line_1_28' title="bbox 219 2606 1141 2694; baseline -0.001 -22"><span class='ocrx_word' id='word_1_201' title='bbox 219 2610 367 2673; x_wconf 86' lang='lat' dir='ltr'><strong>bumana.</strong></span> <span class='ocrx_word' id='word_1_202' title='bbox 391 2606 423 2671; x_wconf 90' lang='lat' dir='ltr'><strong>Si</strong></span> <span class='ocrx_word' id='word_1_203' title='bbox 447 2627 520 2672; x_wconf 81' lang='lat' dir='ltr'><strong>vero</strong></span> <span class='ocrx_word' id='word_1_204' title='bbox 543 2627 611 2673; x_wconf 82' lang='lat' dir='ltr'><strong>ease</strong></span> <span class='ocrx_word' id='word_1_205' title='bbox 635 2628 726 2672; x_wconf 91' lang='lat' dir='ltr'><strong>suum</strong></span> <span class='ocrx_word' id='word_1_206' title='bbox 750 2607 789 2672; x_wconf 93' lang='lat' dir='ltr'><strong>ab</strong></span> <span class='ocrx_word' id='word_1_207' title='bbox 828 2606 932 2671; x_wconf 69' lang='lat' dir='ltr'><strong>altero⁴</strong></span> <span class='ocrx_word' id='word_1_208' title='bbox 963 2608 1141 2694; x_wconf 82' lang='lat' dir='ltr'><strong>participari</strong></span> 
     </span>
     <span class='ocr_line' id='line_1_29' title="bbox 220 2695 1140 2783; baseline -0.001 -23"><span class='ocrx_word' id='word_1_209' title='bbox 220 2717 283 2762; x_wconf 89' lang='lat' dir='ltr'><strong>non</strong></span> <span class='ocrx_word' id='word_1_210' title='bbox 307 2695 413 2783; x_wconf 90' lang='lat' dir='ltr'><strong>possit,</strong></span> <span class='ocrx_word' id='word_1_211' title='bbox 436 2696 551 2761; x_wconf 90' lang='lat' dir='ltr'><strong>nullius</strong></span> <span class='ocrx_word' id='word_1_212' title='bbox 574 2695 619 2760; x_wconf 83' lang='lat' dir='ltr'><strong>rei</strong></span> <span class='ocrx_word' id='word_1_213' title='bbox 643 2695 742 2762; x_wconf 86' lang='lat' dir='ltr'><strong>lorma</strong></span> <span class='ocrx_word' id='word_1_214' title='bbox 766 2717 834 2761; x_wconf 88' lang='lat' dir='ltr'><strong>esse</strong></span> <span class='ocrx_word' id='word_1_215' title='bbox 857 2711 970 2782; x_wconf 92' lang='lat' dir='ltr'><strong>potest;</strong></span> <span class='ocrx_word' id='word_1_216' title='bbox 987 2697 1031 2761; x_wconf 88' lang='lat' dir='ltr'><strong>sie</strong></span> <span class='ocrx_word' id='word_1_217' title='bbox 1054 2697 1140 2761; x_wconf 86' lang='lat' dir='ltr'><strong>enim</strong></span> 
     </span>
     <span class='ocr_line' id='line_1_30' title="bbox 221 2784 1141 2873; baseline -0.002 -23"><span class='ocrx_word' id='word_1_218' title='bbox 221 2805 390 2873; x_wconf 84' lang='lat' dir='ltr'><strong>persuum</strong></span> <span class='ocrx_word' id='word_1_219' title='bbox 415 2804 482 2849; x_wconf 89' lang='lat' dir='ltr'><strong>esse</strong></span> <span class='ocrx_word' id='word_1_220' title='bbox 506 2785 730 2852; x_wconf 79' lang='lat' dir='ltr'><strong>determinatur</strong></span> <span class='ocrx_word' id='word_1_221' title='bbox 752 2784 783 2848; x_wconf 95' lang='lat' dir='ltr'><strong>in</strong></span> <span class='ocrx_word' id='word_1_222' title='bbox 823 2788 935 2870; x_wconf 90' lang='lat' dir='ltr'><strong>seipso,</strong></span> <span class='ocrx_word' id='word_1_223' title='bbox 959 2785 1037 2850; x_wconf 86' lang='lat' dir='ltr'><strong>sieut</strong></span> <span class='ocrx_word' id='word_1_224' title='bbox 1060 2805 1141 2871; x_wconf 87' lang='lat' dir='ltr'><strong>quau</strong></span> 
     </span>
     <span class='ocr_line' id='line_1_31' title="bbox 219 2872 1141 2959; baseline -0.001 -21"><span class='ocrx_word' id='word_1_225' title='bbox 219 2887 291 2940; x_wconf 87' lang='lat' dir='ltr'><strong>aunt</strong></span> <span class='ocrx_word' id='word_1_226' title='bbox 312 2872 481 2938; x_wconf 84' lang='lat' dir='ltr'><strong>materialia</strong></span> <span class='ocrx_word' id='word_1_227' title='bbox 506 2893 561 2959; x_wconf 87' lang='grc' dir='ltr'><strong>ρει</strong></span> <span class='ocrx_word' id='word_1_228' title='bbox 584 2876 756 2938; x_wconf 85' lang='lat' dir='ltr'><strong>materiam.</strong></span> <span class='ocrx_word' id='word_1_229' title='bbox 781 2872 845 2938; x_wconf 87' lang='lat' dir='ltr'><strong>lloe</strong></span> <span class='ocrx_word' id='word_1_230' title='bbox 868 2888 984 2952; x_wconf 89' lang='lat' dir='ltr'><strong>autem,</strong></span> <span class='ocrx_word' id='word_1_231' title='bbox 1007 2876 1087 2939; x_wconf 87' lang='lat' dir='ltr'><strong>sicut</strong></span> <span class='ocrx_word' id='word_1_232' title='bbox 1109 2875 1141 2937; x_wconf 90' lang='lat' dir='ltr'><strong>in</strong></span> 
     </span>
     <span class='ocr_line' id='line_1_32' title="bbox 221 2961 1142 3041; baseline -0.003 -13"><span class='ocrx_word' id='word_1_233' title='bbox 221 2983 288 3030; x_wconf 86' lang='lat' dir='ltr'><strong>esse</strong></span> <span class='ocrx_word' id='word_1_234' title='bbox 311 2961 503 3028; x_wconf 85' lang='lat' dir='ltr'><strong>substantiali</strong></span> <span class='ocrx_word' id='word_1_235' title='bbox 527 2961 574 3026; x_wconf 88' lang='lat' dir='ltr'><strong>vel</strong></span> <span class='ocrx_word' id='word_1_236' title='bbox 598 2962 729 3027; x_wconf 83' lang='lat' dir='ltr'><strong>naturali</strong></span> <span class='ocrx_word' id='word_1_237' title='bbox 759 2962 923 3041; x_wconf 74' lang='lat' dir='ltr'><strong>inuenitur,</strong></span> <span class='ocrx_word' id='word_1_238' title='bbox 961 2971 1005 3028; x_wconf 86' lang='lat' dir='ltr'><strong>sie</strong></span> <span class='ocrx_word' id='word_1_239' title='bbox 1044 2977 1075 3028; x_wconf 91' lang='lat' dir='ltr'><strong>et</strong></span> <span class='ocrx_word' id='word_1_240' title='bbox 1110 2964 1142 3026; x_wconf 92' lang='lat' dir='ltr'><strong>in</strong></span> 
     </span>
     <span class='ocr_line' id='line_1_33' title="bbox 219 3051 1143 3134; baseline -0.001 -18"><span class='ocrx_word' id='word_1_241' title='bbox 219 3071 287 3118; x_wconf 89' lang='lat' dir='ltr'><strong>esse</strong></span> <span class='ocrx_word' id='word_1_242' title='bbox 309 3051 490 3134; x_wconf 79' lang='lat' dir='ltr'><strong>intelligibili</strong></span> <span class='ocrx_word' id='word_1_243' title='bbox 513 3051 773 3116; x_wconf 80' lang='lat' dir='ltr'><strong>considerandum</strong></span> <span class='ocrx_word' id='word_1_244' title='bbox 796 3064 853 3126; x_wconf 89' lang='lat' dir='ltr'><strong>est;</strong></span> <span class='ocrx_word' id='word_1_245' title='bbox 893 3070 965 3115; x_wconf 83' lang='lat' dir='ltr'><strong>etim</strong></span> <span class='ocrx_word' id='word_1_246' title='bbox 989 3053 1073 3116; x_wconf 90' lang='lat' dir='ltr'><strong>enim</strong></span> <span class='ocrx_word' id='word_1_247' title='bbox 1097 3051 1143 3117; x_wconf 92' lang='lat' dir='ltr'><strong>in-</strong></span> 
     </span>
     <span class='ocr_line' id='line_1_34' title="bbox 223 3138 1146 3227; baseline -0.002 -23"><span class='ocrx_word' id='word_1_248' title='bbox 223 3140 361 3206; x_wconf 86' lang='lat' dir='ltr'><strong>telleatus</strong></span> <span class='ocrx_word' id='word_1_249' title='bbox 384 3138 531 3227; x_wconf 78' lang='lat' dir='ltr'><strong>persentio</strong></span> <span class='ocrx_word' id='word_1_250' title='bbox 554 3141 592 3204; x_wconf 89' lang='lat' dir='ltr'><strong>sit</strong></span> <span class='ocrx_word' id='word_1_251' title='bbox 616 3161 734 3219; x_wconf 84' lang='lat' dir='ltr'><strong>verum,</strong></span> <span class='ocrx_word' id='word_1_252' title='bbox 757 3139 833 3204; x_wconf 92' lang='lat' dir='ltr'><strong>illud</strong></span> <span class='ocrx_word' id='word_1_253' title='bbox 867 3139 1060 3225; x_wconf 79' lang='lat' dir='ltr'><strong>intelligibile</strong></span> <span class='ocrx_word' id='word_1_254' title='bbox 1085 3140 1146 3206; x_wconf 86' lang='lat' dir='ltr'><strong>erit</strong></span> 
     </span>
     <span class='ocr_line' id='line_1_35' title="bbox 222 3227 1145 3316; baseline -0.002 -22"><span class='ocrx_word' id='word_1_255' title='bbox 222 3243 256 3294; x_wconf 89' lang='grc' dir='ltr'><strong>ιιι</strong></span> <span class='ocrx_word' id='word_1_256' title='bbox 278 3228 376 3294; x_wconf 79' lang='lat' dir='ltr'><strong>souma</strong></span> <span class='ocrx_word' id='word_1_257' title='bbox 400 3241 518 3293; x_wconf 88' lang='lat' dir='ltr'><strong>tantum</strong></span> <span class='ocrx_word' id='word_1_258' title='bbox 542 3229 575 3292; x_wconf 91' lang='lat' dir='ltr'><strong>in</strong></span> <span class='ocrx_word' id='word_1_259' title='bbox 598 3249 712 3313; x_wconf 85' lang='lat' dir='ltr'><strong>genere</strong></span> <span class='ocrx_word' id='word_1_260' title='bbox 726 3227 964 3312; x_wconf 88' lang='lat' dir='ltr'><strong>intelligibilium</strong></span> <span class='ocrx_word' id='word_1_261' title='bbox 989 3228 1074 3316; x_wconf 92' lang='lat' dir='ltr'><strong>quod</strong></span> <span class='ocrx_word' id='word_1_262' title='bbox 1098 3243 1145 3294; x_wconf 89' lang='lat' dir='ltr'><strong>est</strong></span> 
     </span>
     <span class='ocr_line' id='line_1_36' title="bbox 221 3317 1144 3405; baseline 0 -23"><span class='ocrx_word' id='word_1_263' title='bbox 221 3318 331 3382; x_wconf 83' lang='lat' dir='ltr'><strong>veritas</strong></span> <span class='ocrx_word' id='word_1_264' title='bbox 353 3317 418 3405; x_wconf 90' lang='lat' dir='ltr'><strong>ipsa</strong></span> <span class='ocrx_word' id='word_1_265' title='bbox 442 3318 505 3404; x_wconf 90' lang='lat' dir='ltr'><strong>(l),</strong></span> <span class='ocrx_word' id='word_1_266' title='bbox 527 3321 611 3404; x_wconf 89' lang='lat' dir='ltr'><strong>quod</strong></span> <span class='ocrx_word' id='word_1_267' title='bbox 633 3319 776 3384; x_wconf 85' lang='lat' dir='ltr'><strong>convenit</strong></span> <span class='ocrx_word' id='word_1_268' title='bbox 799 3317 857 3382; x_wconf 90' lang='lat' dir='ltr'><strong>soli</strong></span> <span class='ocrx_word' id='word_1_269' title='bbox 878 3317 955 3396; x_wconf 84' lang='lat' dir='ltr'><strong>De03</strong></span> <span class='ocrx_word' id='word_1_270' title='bbox 974 3339 1144 3399; x_wconf 71' lang='lat' dir='ltr'><strong>namnum</strong></span> 
     </span>
    </p>
   </div>
   <div class='ocr_carea' id='block_1_2' title="bbox 222 3439 1148 3583">
    <p class='ocr_par' dir='ltr' id='par_1_3' title="bbox 222 3439 1148 3583">
     <span class='ocr_line' id='line_1_37' title="bbox 275 3439 1148 3510; baseline 0 -17"><span class='ocrx_word' id='word_1_271' title='bbox 275 3439 313 3509; x_wconf 79' lang='lat' dir='ltr'><strong>(l)</strong></span> <span class='ocrx_word' id='word_1_272' title='bbox 331 3439 406 3493; x_wconf 77' lang='lat' dir='ltr'><strong>Ittuu</strong></span> <span class='ocrx_word' id='word_1_273' title='bbox 432 3439 602 3510; x_wconf 70' lang='lat' dir='ltr'><strong>intelligibile</strong></span> <span class='ocrx_word' id='word_1_274' title='bbox 620 3445 706 3495; x_wconf 68' lang='lat' dir='ltr'><strong>erin...</strong></span> <span class='ocrx_word' id='word_1_275' title='bbox 724 3439 798 3494; x_wconf 82' lang='lat' dir='ltr'><strong>Ordo</strong></span> <span class='ocrx_word' id='word_1_276' title='bbox 824 3439 967 3494; x_wconf 81' lang='lat' dir='ltr'><strong>verborum</strong></span> <span class='ocrx_word' id='word_1_277' title='bbox 997 3450 1046 3496; x_wconf 83' lang='lat' dir='ltr'><strong>esl:</strong></span> <span class='ocrx_word' id='word_1_278' title='bbox 1078 3439 1148 3494; x_wconf 90' lang='lat' dir='ltr'><strong>lllud</strong></span> 
     </span>
     <span class='ocr_line' id='line_1_38' title="bbox 222 3510 1148 3583; baseline 0 -18"><span class='ocrx_word' id='word_1_279' title='bbox 222 3511 384 3581; x_wconf 82' lang='lat' dir='ltr'><strong>intelligibile</strong></span> <span class='ocrx_word' id='word_1_280' title='bbox 402 3512 474 3580; x_wconf 88' lang='lat' dir='ltr'><strong>qnod</strong></span> <span class='ocrx_word' id='word_1_281' title='bbox 491 3519 532 3564; x_wconf 86' lang='lat' dir='ltr'><strong>est</strong></span> <span class='ocrx_word' id='word_1_282' title='bbox 549 3513 646 3566; x_wconf 73' lang='lat' dir='ltr'><strong>veritas</strong></span> <span class='ocrx_word' id='word_1_283' title='bbox 664 3513 720 3583; x_wconf 87' lang='lat' dir='ltr'><strong>ipsa</strong></span> <span class='ocrx_word' id='word_1_284' title='bbox 739 3513 790 3566; x_wconf 86' lang='lat' dir='ltr'><strong>etit</strong></span> <span class='ocrx_word' id='word_1_285' title='bbox 808 3518 838 3566; x_wconf 87' lang='grc' dir='ltr'><strong>ιιι</strong></span> <span class='ocrx_word' id='word_1_286' title='bbox 856 3510 941 3568; x_wconf 82' lang='lat' dir='ltr'><strong>lotma</strong></span> <span class='ocrx_word' id='word_1_287' title='bbox 954 3520 1058 3568; x_wconf 85' lang='lat' dir='ltr'><strong>tantum</strong></span> <span class='ocrx_word' id='word_1_288' title='bbox 1078 3515 1148 3582; x_wconf 78' lang='lat' dir='ltr'><strong>(aei-</strong></span> 
     </span>
    </p>
   </div>
   <div class='ocr_carea' id='block_1_3' title="bbox 0 0 1243 3970">
    <p class='ocr_par' dir='ltr' id='par_1_4' title="bbox 0 0 1243 3970">
     <span class='ocr_line' id='line_1_39' title="bbox 0 0 1243 3970; baseline 0 0"><span class='ocrx_word' id='word_1_289' title='bbox 0 0 1243 3970; x_wconf 95' lang='lat' dir='ltr'><strong> </strong></span> 
     </span>
    </p>
   </div>
  </div>
 </body>
</html>
