2494 3970
230 323 231 326 Ἴ
419 260 476 306 cro.
498 259 543 304 ru.
566 259 630 304 cre.
655 261 703 306 xx.
962 243 1004 308 55

88 343 164 396 tatur
186 327 263 394 ordo
285 327 324 393 od
348 347 425 406 esse3
449 341 549 414 potest
572 342 677 394 autem
694 347 731 394 ex
749 329 807 395 hoc
822 330 1003 418 simpliciter

87 419 141 484 dici
166 420 247 485 bone
272 431 397 505 propter
420 417 561 482 ordinem
585 418 697 506 ipsum.
723 418 843 506 loquo
876 434 1004 508 apparet

84 508 164 594 quod
189 507 307 573 bonum
330 505 563 591 quodammodo
601 507 760 594 amplioris
790 520 836 574 est
869 509 1003 574 ambitus

84 617 175 680 quem
216 616 280 660 ens.
317 593 447 682 Propter
487 595 571 680 quod
608 595 775 682 Dionysius
810 596 882 661 dicit
920 599 1004 684 quod

84 685 197 752 bonum
220 705 251 752 oc
274 687 413 750 extendit
435 686 478 750 od
501 686 663 750 existentia
690 697 803 750 utnon
841 685 1006 752 existentia

82 775 136 859 (dc
159 775 260 840 [lirin.
284 773 418 852 Nomin,
441 795 467 839 c.
493 775 540 858 l);
564 794 635 839 nanu
675 787 706 839 et
739 774 804 861 ipsa
841 795 905 838 non
941 777 1005 840 exi·

81 865 205 939 scentia,
222 861 342 928 seilicet
365 863 503 940 materie,
528 863 700 928 secundum
725 862 807 950 quod
824 863 1006 948 intelligitur

82 953 246 1040 privationi
270 951 418 1040 subjecta,
443 953 558 1038 appetit
581 952 709 1031 bonum,
736 953 851 1018 scilicet
874 973 952 1030 esse3
968 974 1005 1018 ex

83 1063 145 1126 quo
169 1055 252 1130 potet
276 1041 368 1126 quod·
383 1041 476 1106 etlam
500 1041 538 1106 sit
560 1040 653 1118 bona3
677 1042 755 1107 nihil
777 1042 861 1107 enirn
889 1043 1004 1130 appetit

83 1129 436 1197 Mmmmnmmm

150 1221 203 1286 Est
226 1232 329 1284 aurern
366 1230 395 1282 et
429 1218 489 1282 alio
523 1218 617 1284 modo
651 1231 810 1284 creaturae
843 1218 1004 1285 bonitas'a

85 1310 223 1375 bonitate
246 1307 348 1372 diviua
372 1305 528 1372 deficiens.
553 1307 641 1386 llam,
675 1308 754 1372 sicut
792 1307 907 1373 dictum
947 1323 1002 1387 est,

84 1399 170 1464 Deus
195 1399 226 1462 in
249 1397 316 1483 ipso
339 1416 395 1460 suo
418 1416 485 1460 esse
515 1417 669 1460 summam
705 1395 925 1482 perfectionem
948 1397 1004 1462 ob-

86 1489 161 1553 tinet
186 1485 340 1561 honitatis;
363 1504 413 1550 res
436 1499 539 1548 eutem
564 1499 665 1550 erecta
681 1505 769 1550 suam
783 1483 1005 1572 perfectionem

87 1599 148 1642 non
174 1573 312 1663 possidet
334 1574 366 1638 in
389 1595 463 1652 uno,
486 1573 540 1638 sed
576 1575 608 1638 in
646 1573 759 1638 multis.
797 1573 888 1655 Quod
923 1575 1007 1640 enirn

88 1679 133 1730 est
156 1667 191 1732 in
215 1683 361 1750 supremo
383 1662 515 1740 unitum,
538 1662 698 1748 multiplex
733 1664 763 1726 in
787 1663 901 1728 infimis
923 1663 1008 1728 inve-

89 1755 186 1832 nitur;
210 1752 292 1820 unde
315 1751 400 1816 Deus
423 1751 594 1817 secundum
618 1752 700 1817 idem
726 1750 837 1816 dicitur
859 1772 926 1818 osse
949 1753 1010 1817 vir-

89 1858 200 1910 tuosus
215 1842 346 1927 ‚sepiens
370 1853 400 1906 et
429 1861 573 1927 operens3
588 1853 727 1906 creatura
740 1860 824 1916 vero,
840 1840 1010 1907 seeundum

90 1933 224 2008 dicerem
247 1943 394 2014 tantoque
418 1929 552 2014 perfecta
575 1930 695 1996 bonitas
712 1929 840 2014 alicujus
852 1943 1011 1996 creaturae

90 2021 243 2106 majorem
269 2017 525 2104 multiplicitatem
561 2018 689 2105 requirit
722 2032 838 2104 quanto
874 2020 1011 2104 magisa

91 2111 192 2193 prima
216 2109 353 2174 bonitate
377 2106 493 2172 distans
517 2107 680 2186 invenitur3
704 2108 728 2172 si
753 2127 826 2172 vero
843 2107 1010 2194 perfectam

93 2198 263 2264 bonitatem
288 2215 351 2260 non
376 2197 469 2282 possit
496 2198 656 2280 attingere,
694 2195 905 2283 imperfectam
939 2199 1010 2262 reti·

94 2287 182 2354 nebit
204 2287 235 2350 in
258 2285 375 2372 paucis.
399 2284 434 2349 Et
460 2284 532 2349 inde
556 2299 601 2350 cst
639 2284 733 2370 quod,
770 2285 841 2350 licet
873 2285 1009 2371 primum

95 2390 125 2440 et
146 2395 306 2442 summum
330 2374 447 2438 bonum
471 2375 508 2438 sit
547 2373 674 2438 omnino
707 2373 837 2460 simplex
870 2375 1010 2442 substan·

95 2467 218 2552 tiaeque
240 2465 268 2529 ei
291 2461 482 2548 propinquae
505 2463 536 2526 in
558 2462 701 2527 'bonitate
738 2464 798 2532 sint
832 2465 946 2550 pariter
979 2480 1010 2531 et

96 2567 246 2638 quantum
270 2551 309 2616 ad
332 2551 555 2636 simplicitatem
579 2551 708 2627 vicinae,
742 2551 866 2616 infimae
905 2569 1009 2620 tamen

96 2641 282 2709 substantiae
305 2641 502 2705 inveniuntur
523 2640 725 2726 simpliciores
748 2641 932 2725 quibusdam
958 2665 1010 2710 su·

97 2731 270 2817 perietibus
292 2730 346 2808 eis,
369 2729 448 2794 sieut
470 2729 623 2794 elementa
647 2729 830 2796 animalibus
852 2743 883 2796 et
912 2733 1013 2798 horni-

97 2820 198 2898 nibus,
221 2819 292 2904 quia
315 2839 377 2883 non
401 2832 528 2903 possunt
540 2819 713 2905 pertingere
726 2817 765 2882 ad
793 2819 1012 2905 perfectionem

99 2909 281 2993 cognitionis
305 2922 335 2972 ct
357 2905 528 2970 intellectus
552 2926 645 2991 quarn
684 2921 915 2994 consequuntur
948 2911 1013 2974 ani-

96 2997 188 3063 malia
212 3011 242 3061 et
265 2995 417 3060 homines.
440 2993 635 3080 Manifestum
659 3009 704 3060 est
742 3016 816 3081 ergo
854 3007 891 3061 ex
927 2997 1015 3064 dictis

99 3085 195 3172 quod,
217 3085 287 3150 licet
308 3087 402 3163 Deus,
440 3083 619 3150 secundum·
646 3104 737 3148 suurn
775 3085 905 3170 simplex
939 3109 1016 3164 esse,

100 3173 267 3260 perfectam
291 3185 440 3238 ettotam
464 3192 551 3236 suam
575 3172 744 3236 bonitatem
774 3174 895 3254 lrabeat,
933 3197 1017 3243 creo-

100 3277 188 3328 turae
212 3277 313 3329 tamen
338 3261 376 3326 ad
407 3261 627 3348 perfectionem
666 3281 740 3326 suec
777 3262 920 3332 bonitatis
955 3287 1018 3331 non

100 3353 278 3436 pertingunt
301 3371 356 3438 per
378 3351 478 3416 solum
510 3369 704 3428 spumeum,
739 3351 794 3416 sed
828 3373 883 3437 per
919 3355 1017 3442 plura.

101 3439 199 3518 Unde,
224 3441 295 3506 licet
317 3439 473 3527 quaelibet
506 3459 613 3504 earum
647 3439 686 3504 sit
719 3440 800 3506 bone
833 3441 1016 3528 inquantum

101 3543 156 3610 est,
180 3549 242 3596 non
267 3543 371 3595 tomen
393 3539 493 3617 potest
515 3528 694 3616 simpliciter
716 3529 797 3598 bona
820 3530 891 3609 dici,
913 3525 1016 3599 sieliis
