2494 3970
217 219 257 282 to
524 239 579 282 tna
605 239 645 284 ut.
670 238 733 284 can.
758 239 796 282 tv.

118 313 119 316 ’
214 320 335 392 praeter
359 307 559 373 intentionem
584 308 712 394 agentis.
736 309 800 374 Hoc
824 321 927 375 autern
945 307 1129 374 carmalum.

214 397 331 463 Accidit
354 397 445 482 igitur
469 397 584 462 malunt
609 411 730 484 praeter
752 397 966 464 intentionem.

279 485 398 564 Adhuc,
421 485 466 550 Ad
490 485 572 562 idern
597 486 693 552 tendit
717 499 818 552 motus
842 486 965 554 mobilis
993 486 1131 555 etmotio

215 575 376 640 moventia.
400 575 511 641 Mobile
533 591 636 640 autem
661 575 757 640 tendit
780 595 836 663 per
858 597 891 641 sc
925 576 964 640 ati
1002 578 1132 652 bonum,

213 663 253 728 ad
276 663 392 728 malum
415 677 519 729 autem
543 684 598 750 per
620 665 762 732 accidens
785 678 815 730 et
838 679 959 751 praeter
989 665 1130 730 intentio·

213 773 297 829 ncm3
320 752 403 838 quod
432 753 558 840 quidem
583 755 716 820 maxime
740 755 770 818 in
794 755 992 838 generatione
1015 767 1045 818 et
1067 774 1132 818 cor·

213 844 356 928 ruptione
379 855 514 930 apparet.
538 841 662 908 Materia
685 843 780 922 enim,
803 863 875 908 cum
898 857 944 910 est
974 843 1032 908 sub
1070 863 1131 908 una

211 931 322 1009 iornta,
345 947 391 998 est
414 935 445 997 in
469 932 604 1017 potentia
628 933 666 998 ad
690 931 823 998 formam
849 932 941 998 alium
964 946 995 1000 et
1032 932 1131 1018 priva·

213 1021 328 1086 tionem
352 1020 471 1086 formae
490 1021 554 1106 jam
589 1021 723 1100 habitae,
756 1022 844 1092 aiant.
880 1041 952 1086 cum
990 1033 1036 1086 eat
1073 1022 1132 1084 sub

211 1109 312 1174 iorma
337 1113 426 1190 aeris,
450 1125 496 1174 est
519 1111 550 1174 in
585 1111 720 1198 potentia
758 1110 797 1178 ad
830 1109 963 1177 formam
1001 1109 1132 1194 igniret

212 1199 416 1284 privationem
439 1197 557 1264 formae
580 1199 670 1275 aeris,
704 1212 735 1264 ει
758 1198 797 1264 ad
835 1212 1000 1284 utrumque
1035 1212 1132 1262 trans-

212 1289 341 1354 mutatio
379 1287 525 1356 utateriae
562 1289 745 1354 terminatur
780 1289 882 1354 simui:
922 1288 962 1354 ad
998 1285 1131 1352 formam

212 1379 339 1462 quidem
365 1378 455 1464 ignis,
477 1377 649 1444 secundum
673 1376 756 1464 quod
779 1391 944 1462 generatur
980 1377 1069 1460 ignia
1093 1378 1132 1440 ati

211 1467 414 1552 privationem
438 1479 542 1534 autem
566 1465 684 1532 iorntac
713 1467 802 1545 acria,
838 1466 1010 1533 secuudum
1048 1466 1132 1550 quoti

211 1558 421 1643 corrumpitur
444 1577 507 1623 aer.
530 1555 596 1621 Non
610 1570 725 1622 ,autern
748 1555 877 1622 intentio
911 1569 942 1620 et
979 1555 1132 1641 appetitus

128 1679 129 1682 π
211 1647 359 1710 materiae
381 1659 427 1710 est
449 1645 489 1710 ad
512 1641 724 1732 privationem,
748 1645 802 1711 sed
826 1645 864 1710 ad
896 1643 1039 1719 formam3
1067 1651 1130 1708 non

212 1735 296 1798 euim
322 1735 418 1798 tendit
441 1735 479 1800 ad
504 1733 773 1820 impossibile-est
798 1749 902 1800 autern
940 1731 1131 1820 impossibiie

213 1823 373 1888 materiam
398 1837 516 1891 tantum
542 1823 600 1890 sub
639 1824 810 1909 privatione
847 1843 925 1902 ease,
958 1841 1027 1888 esse
1058 1840 1132 1884 vero

211 1929 281 1976 eam
305 1911 364 1978 sub
387 1911 486 1978 forma
508 1925 554 1976 est
577 1911 733 1998 possibile
755 1905 848 1998 igitur
869 1915 954 1999 qnod
984 1908 1130 1976 termine·

212 2013 262 2064 tur
284 2000 323 2064 ad
347 2001 550 2087 privationem
587 2014 634 2068 eat
671 2014 792 2087 praeter
825 2001 1026 2068 intentionem
1069 1998 1131 2084 (i);

211 2091 394 2155 terminatur
415 2105 517 2156 autem
542 2089 581 2155 ad
605 2111 673 2156 aaut
695 2091 879 2178 inquantum
917 2089 1055 2176 pervenit
1092 2089 1131 2152 ati

211 2176 344 2244 sormam
369 2199 462 2265 quarn
483 2179 625 2258 intendit,
647 2199 741 2266 quam
765 2181 893 2267 privatio
916 2178 1040 2244 alterius
1067 2175 1131 2242 ior·
1245 2246 1246 2249 ,

210 2287 281 2332 mae
305 2268 343 2332 dc
365 2269 546 2336 necessitate
569 2270 776 2355 consequitur.
800 2267 1029 2334 Trauamutatio
1056 2285 1132 2350 ergo

210 2358 368 2435 materiae,
391 2359 422 2422 in
459 2359 659 2444 generatione
693 2372 723 2422 et
761 2357 969 2444 corruptione,
1005 2374 1060 2442 per
1097 2375 1131 2420 se

211 2443 371 2512 ordinatur
393 2446 433 2511 ad
471 2446 615 2525 sormam3
653 2447 783 2534 privatio
821 2467 895 2512 vero
933 2443 1131 2530 consequitur

211 2546 334 2618 praeter
361 2535 576 2613 intentionem3
613 2549 644 2600 et
676 2536 816 2601 similiter
851 2547 971 2622 oportet
1006 2553 1075 2614 esse
1098 2533 1130 2596 in

211 2623 358 2688 omnibus
393 2624 527 2690 motibus
553 2674 561 2703 ,
585 2637 615 2690 et
637 2624 709 2690 ideo
747 2625 778 2689 in
802 2624 939 2710 quolibet
973 2635 1061 2688 motu
1084 2637 1131 2686 est

209 2713 369 2794 generatio
391 2727 422 2778 et
444 2713 600 2800 corruptio
622 2713 795 2779 secuudum
816 2713 901 2800 quid;
933 2712 1023 2790 sicut,
1057 2731 1130 2776 curu

209 2799 326 2886 aliquid
349 2801 495 2868 alteratur
517 2803 557 2868 de
579 2801 651 2868 albo
684 2804 715 2870 in
750 2803 884 2886 nigrum,
922 2802 1132 2887 corrumpitur

209 2888 314 2954 album
338 2904 369 2956 et
391 2891 426 2956 tir
447 2892 581 2976 nigrum.
604 2891 727 2958 Bonum
751 2905 855 2956 autem
881 2905 927 2956 cat
961 2887 1134 2956 secundum

208 2979 292 3064 quod
315 2982 443 3048 materia
467 2996 516 3046 cst
537 2979 673 3070 perfecta
697 3001 753 3068 per
777 2979 921 3058 formam,
945 2993 976 3045 ct
998 2983 1133 3067 potentia

208 3086 265 3151 per
287 3082 389 3136 actum
413 3071 586 3157 proprium;
602 3070 719 3137 matum
738 3083 843 3139 autern
860 3068 1033 3136 secundum
1049 3068 1133 3152 quod

208 3169 254 3220 est
278 3159 393 3242 privata
420 3172 490 3227 actu
513 3159 628 3228 debito.
653 3157 756 3227 Omne
780 3159 871 3243 igitur
893 3158 978 3244 quod
992 3170 1133 3226 movetur

209 3245 306 3309 tendit
329 3248 360 3310 in
383 3269 440 3314 suo
464 3262 550 3315 motu
572 3249 735 3336 pervenire
757 3248 797 3312 ad
836 3247 964 3324 bonurm
991 3259 1130 3334 pervenit

208 3345 312 3398 autem
336 3335 376 3400 ad
399 3336 517 3402 malum
541 3351 662 3424 praeter
684 3337 897 3402 intentionem.
922 3335 1027 3422 igitur,
1058 3353 1130 3400 cunt

261 3454 300 3522 ti)
320 3455 394 3524 Quod
424 3462 584 3525 terminetur,
658 3461 676 3510 i.
706 3474 730 3513 e.
755 3457 802 3512 Est
828 3463 934 3527 practer
960 3457 1132 3512 intentionem

208 3527 308 3594 agentis
325 3529 398 3598 quod
416 3531 526 3584 materia
545 3531 700 3584 terminetur
718 3529 752 3584 ad
770 3530 953 3599 privationem.
