2452 3970
214 197 276 263 ltl
518 218 572 262 nra.
597 219 636 262 ru.
662 216 724 262 can.
749 217 812 262 xov.

210 289 317 352 oculus
338 286 563 371 vespertilionis
586 287 629 352 od
653 287 750 351 urcem
782 287 857 351 solis
880 285 940 372 (l).
965 283 1051 350 Unde
1075 305 1132 372 per

210 375 378 440 materialia
394 376 545 442 intellecta
561 395 624 440 non
648 387 776 462 possunt
792 375 918 459 intelligi
942 373 1132 439 substantiae

209 477 378 550 separatae,
416 479 449 528 ut
483 485 574 550 supra
599 477 756 528 ostensum
781 477 836 530 est.
860 463 1005 550 Sequitur
1028 463 1133 548 itaque

210 552 293 639 quod
323 552 493 618 intellectus
518 553 669 638 possibilis
687 567 793 620 noster
815 553 900 619 nullo
925 550 1019 617 modo
1037 552 1135 638 possit

211 641 380 724 intelligere
405 642 588 708 substantias
604 655 770 714 separatas.

278 731 343 795 lloc
366 730 458 794 etiam
475 743 607 815 'apparet
644 751 682 794 ex
705 730 813 795 ordine
842 728 1014 794 intellectus
1037 727 1137 814 possi-

118 868 120 872 ,
212 818 281 884 lrilis
293 819 332 884 ad
349 834 501 902 agentem.
519 818 656 884 Potentia
670 819 751 884 enirn
770 819 886 905 passiva
902 817 941 881 ad
957 817 1007 882 illa
1030 817 1135 882 solum

213 921 258 972 est
274 907 305 972 in
318 908 452 992 potentia
464 908 494 972 in
514 926 593 990 quae
617 921 715 993 potest
732 907 888 994 proprium
906 906 972 991 ejus
985 907 1134 978 activum,-

214 997 298 1059 omni
322 996 404 1059 eninr
430 997 583 1082 potentiae
606 997 743 1082 passivae
766 995 931 1082 respondet
947 995 1082 1082 potentia
1101 1015 1136 1058 a·

213 1085 289 1148 etita
312 1085 342 1147 in
368 1098 486 1158 natura3
509 1085 593 1158 alias,
609 1086 743 1170 potentia
766 1085 884 1172 passiva
901 1098 981 1148 esset
1012 1081 1137 1156 frustra,

213 1193 283 1237 curn
319 1193 380 1236 rron
406 1174 499 1259 possit
523 1174 626 1240 reduci
644 1175 675 1237 in
698 1188 799 1239 actum
831 1173 887 1238 nisi
911 1193 967 1258 per
994 1172 1137 1246 actitam3

216 1261 298 1328 unde
321 1262 460 1329 videmus
484 1262 566 1347 quod
591 1263 674 1326 uisus
697 1284 759 1328 non
783 1276 829 1326 est
863 1263 1053 1346 susceptivus
1076 1261 1136 1324 nisi
1211 1289 1212 1340 p

215 1350 354 1414 colorum
379 1351 645 1436 quirilluminatur
669 1373 724 1436 per
748 1352 858 1416 lucern.
883 1351 1056 1414 Intellectus
1081 1369 1140 1414 au-

216 1453 276 1502 tem
302 1439 465 1524 possibilis,
483 1460 553 1504 curn
577 1441 615 1504 sit
638 1441 733 1506 uirtus
749 1438 980 1525 quodammodo
1006 1438 1138 1523 passiva,

217 1528 309 1592 liniret
333 1529 491 1615 proprium
516 1549 609 1612 agens
633 1529 691 1594 sibi
715 1528 917 1613 respondens,
952 1528 1066 1592 scilieet
1088 1527 1140 1590 in-

218 1616 372 1684 tellectum
398 1632 552 1701 agentern.
575 1619 626 1702 qui
651 1619 691 1682 ita
714 1638 746 1681 se
771 1616 863 1682 habet
887 1616 925 1682 ad
950 1615 1141 1680 intellectum

217 1705 393 1789 possibilem
419 1707 541 1770 sieutse
555 1705 647 1770 babet
662 1706 713 1772 lux
737 1706 774 1770 ad
792 1706 901 1772 uisum.
925 1705 993 1769 Non
1017 1716 1064 1768 est
1086 1705 1145 1787 igi·

218 1808 267 1856 tur
291 1793 460 1858 intellectus
484 1794 636 1879 possibilis
653 1793 832 1880 inpotentia
845 1794 900 1858 nisi
915 1793 1017 1858 odilla
1030 1793 1144 1858 intelli-

218 1881 320 1963 gibilia
334 1902 413 1966 quae
427 1896 498 1946 sunt
511 1882 586 1948 sueta
611 1903 666 1970 per
677 1884 864 1948 intellectum
877 1896 1029 1967 agentern.
1056 1881 1146 1946 Unde

106 1991 109 1994 ·
217 1984 247 2034 et
271 1970 455 2047 Aristotelea,
473 1971 649 2036 describens
667 1985 832 2058 utrumque
848 1967 1049 2048 intellectum,
1069 1970 1146 2035 dicit

219 2059 302 2144 quod
318 2060 660 2142 intellectus-possibilia
675 2074 721 2124 eat
739 2082 797 2145 qrro
821 2072 865 2124 eat
888 2061 993 2126 omerio
1014 2060 1092 2146 fieri,
1111 2081 1146 2123 a·

218 2168 290 2231 perra
312 2168 454 2231 ueroque
478 2151 638 2228 estomnin
659 2150 762 2234 faeere
780 2149 845 2235 (de
872 2152 993 2226 Anima,
1015 2151 1046 2224 3,
1070 2162 1146 2212 text.

221 2257 333 2300 comen.
352 2237 418 2323 l8)‚
432 2252 474 2301 ut
497 2237 535 2302 ad
559 2238 667 2303 eadem
692 2240 850 2324 utriusque
875 2239 1010 2325 potentia
1032 2234 1143 2303 reterri

221 2325 518 2410 intelligatur,l1ujns
531 2329 636 2406 activa,
650 2327 730 2392 illius
747 2327 965 2413 passionnem
982 2348 1056 2412 ergo
1068 2325 1144 2389 sub·

221 2417 348 2478 stantiae
372 2430 530 2502 separatae
547 2436 608 2480 non
631 2416 691 2482 sint
719 2415 815 2480 laetae
832 2417 1006 2480 intellectae
1020 2417 1049 2480 in
1074 2429 1146 2478 actu

166 2507 171 2516 '
222 2523 277 2589 per
299 2503 485 2569 intellectum
515 2519 667 2588 agentem,
689 2506 744 2570 sed
767 2505 867 2570 solum
891 2505 1072 2581 materialia,
1105 2504 1145 2568 ad

223 2595 299 2658 haec
313 2593 377 2657 sola
394 2614 426 2658 se
443 2594 579 2658 extendit
602 2593 755 2680 possibilis
772 2594 951 2658 intellectus.
969 2593 1035 2658 Non
1052 2595 1148 2678 igitur

222 2704 277 2767 per
300 2683 400 2768 ipsum
417 2703 581 2768 possumus
594 2683 765 2767 intelligere
783 2682 965 2749 substantias
978 2696 1147 2768 separatas.

222 2773 350 2857 Propter
372 2771 453 2856 quod
478 2771 653 2836 Aristotcles
677 2792 814 2856 congruo
837 2771 980 2856 exemplo
1003 2792 1077 2836 usus
1094 2786 1142 2836 est

222 2861 416 2946 metaphys,
432 2860 462 2938 2,
474 2872 545 2923 text.
562 2881 675 2925 eornm.
691 2861 735 2945 l);
747 2881 818 2925 narn
835 2860 942 2925 oculus
958 2861 1150 2947 vespertilio·

224 2951 270 3018 uis
286 2967 444 3034 nunquam
468 2961 567 3033 potest
578 2949 683 3014 videre
697 2949 798 3015 lucem
811 2948 1041 3034 solis3quamuis
1055 2950 1150 3016 Aver-

206 3153 208 3160 ·
277 3144 316 3207 (l)
335 3142 377 3194 Sie
390 3141 536 3196 &Thomas
556 3143 714 3195 memoriteri
728 3141 808 3194 refert
821 3140 969 3196 Aristotelis
987 3143 1081 3196 locum.
1095 3144 1149 3196 Sed

225 3223 312 3268 textus
331 3229 360 3265 se
378 3212 457 3264 habet
474 3221 504 3266 ut
535 3215 662 3283 sequitur:
682 3231 695 3262 n
715 3214 779 3265 Cum
800 3229 861 3268 vero
880 3213 1019 3268 difficultas
1041 3216 1149 3268 duobus

226 3289 259 3338 sit
276 3285 368 3346 modis,
388 3282 504 3337 fortassis
534 3285 677 3351 causaejns
696 3300 748 3336 non
766 3285 854 3351 rebus,
873 3285 918 3337 sed
931 3286 1005 3338 nobis
1028 3286 1092 3355 ipsis
1111 3287 1150 3340 iu·
1206 3293 1207 3352 t

225 3365 276 3422 est3
294 3356 513 3426 quemadmodum
528 3357 740 3425 vespertilionum
754 3356 821 3408 oculi
835 3356 867 3408 ad
886 3356 974 3409 lumen
992 3357 1042 3408 diei
1055 3372 1082 3408 se
1102 3356 1150 3408 ha·
1206 3355 1207 3358 ’

226 3428 298 3494 bant,
318 3429 397 3478 itaet
415 3428 560 3478 intetleotus
578 3427 680 3479 atrimae
691 3433 796 3480 nostrae
814 3428 847 3481 ad
866 3441 975 3500 eaquae
993 3427 1150 3481 manifestis·

228 3499 292 3554 aima
311 3499 427 3552 omnium
447 3503 547 3551 sunno
