2516 3968
211 182 290 250 mo
492 201 547 246 uto.
573 180 613 248 rit.
636 201 700 249 ern.
725 201 843 260 unpxrx.

221 288 303 358 quoe
325 282 429 338 tomen
451 271 602 354 eontingit
625 273 759 336 virtuose
782 289 887 356 egere,
907 269 1017 336 ordine
1048 272 1143 338 rario-

222 360 426 437 nis-servulo,
450 373 598 446 utsupra
623 364 662 446 (o.
688 360 766 442 lili)
790 373 948 438 ostensum
983 373 1040 426 est.
1074 361 1143 428 Non

220 448 315 535 igitur
338 465 448 514 omnes
471 462 557 514 uetus
580 449 725 514 virtutum
748 461 931 534 suntporee.

289 536 407 616 Adhuc,
446 537 537 604 dotus
571 537 709 623 speciem
748 539 902 625 recipiunt
938 557 977 604 ex
1001 536 1143 624 objectis.

222 625 348 708 Quanto
373 627 466 711 igitur
484 625 645 711 objectum
668 639 714 691 εει
735 626 858 705 melius,
882 639 966 692 tento
993 641 1023 710 et
1056 641 1145 694 totus

221 715 281 780 erit
297 715 467 792 ¹uirtuotior
490 714 662 780 seeundum
680 715 815 801 epeoietn
829 735 928 782 mum.
944 715 1027 782 Finis
1038 728 1146 782 eutem

219 803 332 869 melior
356 816 402 868 est
424 803 472 868 his
496 823 576 890 queo
599 803 732 870 suntad
755 803 863 883 linem
886 823 1020 890 quorum
1059 817 1145 872 tomo

219 892 338 979 aliquid
363 891 475 958 melius
498 905 544 958 εει
567 905 683 978 quanto
706 905 753 958 εει
776 889 829 958 lini
853 893 1066 980 propinquius.
1093 893 1143 959 ln·

224 995 272 1046 ter
295 994 381 1046 totns
403 982 498 1065 igitur
521 981 673 1048 humanos
696 980 749 1046 ille
771 993 818 1046 est
847 982 983 1068 optimus
1019 981 1072 1068 qui
1111 982 1144 1048 in

222 1068 368 1138 ultimum
393 1069 499 1148 linem,
523 1069 639 1136 scilieet
673 1069 785 1148 Deum,
820 1070 998 1136 immediate
1034 1069 1143 1147 lortnrr.

222 1171 408 1244 postquem
432 1172 516 1224 tonte
539 1173 625 1224 aetus
648 1157 825 1224 meliorest
847 1159 1018 1226 seeundum
1050 1180 1143 1225 suom

222 1247 358 1334 speeiem
381 1261 497 1334 quomo
520 1247 675 1332 objeotum
700 1261 748 1312 est
770 1247 836 1314 Deo
860 1247 1073 1334 propinquius.

289 1335 438 1422 Amplius,
460 1336 583 1402 Bonum
607 1337 636 1402 in
659 1336 779 1402 ontibus
799 1337 946 1402 humenis
970 1349 1016 1402 est
1031 1357 1142 1402 seoun—

223 1423 298 1490 dum
323 1425 407 1510 quod
430 1427 549 1491 ratione
573 1425 761 1510 regulomur.
786 1421 942 1510 Contingit
963 1437 1068 1490 eutem
1086 1426 1143 1491 eli-

222 1531 301 1600 quos
324 1513 391 1578 eliis
414 1513 453 1580 ed
476 1515 626 1580 rationem
650 1513 749 1598 magis
771 1513 1066 1599 eooedere‚quendo
1090 1516 1141 1602 (l)

222 1615 308 1668 eolus
330 1602 478 1688 quisunt
501 1603 596 1690 ipsius
614 1602 747 1666 rationis
770 1602 869 1688 magis
894 1603 1010 1668 hebent
1031 1603 1071 1668 tle
1085 1603 1142 1668 bo·

222 1711 264 1756 no
288 1691 414 1756 notionis
434 1707 531 1778 quem
555 1704 640 1756 notus
664 1689 843 1755 inferiorum
867 1691 990 1768 virium,
1027 1691 1141 1778 quibus

207 1780 300 1866 potio
325 1780 466 1866 imperet
491 1780 569 1844 Sunt
591 1780 684 1864 igitur
706 1779 786 1845 inter
809 1793 895 1846 uetus
918 1780 1142 1848 numenosett-
1237 1855 1238 1868 χ

222 1868 275 1952 qui
301 1867 368 1934 eliis
392 1869 548 1934 meliores.

289 1954 376 2034 item,
400 1955 566 2044 Praecepto
589 1955 665 2040 legio
688 1955 803 2042 optime
826 1973 865 2022 ex
886 1955 1050 2024 dilectione
1086 1957 1143 2022 im

119 2075 121 2079 ·
220 2042 360 2130 plentur,
376 2059 416 2111 ut
439 2065 531 2133 supra
554 2046 599 2131 (o.
625 2045 702 2131 tus)
738 2044 856 2110 dietum
890 2059 947 2111 εει.
985 2045 1144 2129 Contingit

216 2137 325 2198 ‘autem
347 2134 484 2221 aliquem
509 2133 572 2200 elio
595 2154 633 2199 ex
657 2133 766 2220 mojori
787 2133 955 2200 dilectione
977 2134 1063 2220 quod
1097 2133 1141 2200 ie·

221 2221 368 2289 ciendum
392 2237 437 2289 est
459 2221 572 2290 secere.
596 2223 658 2288 Erit
680 2224 773 2309 igitur
796 2223 1003 2290 virtuosorum
1016 2236 1142 2304 uoluunt

124 2343 126 2348 v
222 2331 302 2376 unus
326 2312 386 2377 elio
409 2312 531 2377 melior.

287 2398 460 2478 Praeterea,
483 2400 514 2464 Si
538 2414 575 2466 ex
599 2399 711 2466 virtute
733 2398 794 2486 (l)
820 2411 905 2467 uoltis
921 2398 1143 2465 hominisboni

220 2485 402 2567 redduntur,
426 2487 575 2574 contingit
601 2504 703 2553 eutem
718 2488 921 2554 intentionem
945 2489 1039 2554 etium
1056 2508 1143 2553 eum·

219 2573 292 2640 dem
307 2597 459 2662 majorem
477 2597 550 2644 »esse
566 2578 600 2667 in
616 2597 678 2642 uno
688 2593 784 2662 quern
796 2577 828 2642 in
844 2577 915 2655 ulio,
931 2589 1053 2663 oportet
1065 2589 1141 2663 orgo

219 2663 303 2750 quod
327 2665 534 2731 humanorum
559 2679 684 2730 actuum
708 2666 746 2730 sit
770 2685 850 2730 unus
873 2665 934 2730 ulio
958 2664 1082 2730 melior.

285 2752 372 2833 ltem,
394 2753 427 2819 Si
449 2774 488 2820 ex
510 2755 675 2820 virtutibus
698 2768 791 2820 totus·
807 2754 934 2820 humani
959 2753 1032 2820 boni
1072 2753 1143 2818 red·

218 2840 343 2920 duntur,
365 2855 487 2930 oportet
509 2841 671 2908 meliorem
695 2862 763 2908 esse
786 2857 888 2910 uotum
910 2843 964 2928 qui
988 2854 1034 2908 ost
1073 2863 1143 2908 mo·

218 2928 303 2996 lieris
326 2930 453 2996 virtutis.
476 2931 632 3015 Contingit
655 2943 758 2996 nutem
782 2933 925 2996 uirtutem
959 2945 1057 2995 tinum
1094 2931 1140 2997 ul·

217 3033 282 3081 tere
304 3019 466 3086 meliorem
489 3039 567 3097 esse,
591 3031 663 3104 putu
687 3018 948 3104 magnificentium
970 3019 1139 3089 liberalite·

218 3119 260 3183 ιε,
282 3119 313 3171 ει
335 3109 621 3194 magnanimitatem
644 3107 848 3173 moderantia.
872 3107 934 3174 Erit
956 3107 1049 3193 igitur
1083 3108 1140 3174 ltu·

212 3213 381 3261 manorum
408 3211 533 3263 actuum
557 3217 637 3262 unus
660 3195 720 3261 olio
744 3196 863 3265 melior.

282 3281 359 3349 ilino
380 3286 531 3374 estquod
554 3285 675 3350 dieitur:
701 3285 761 3366 Qut
797 3285 996 3352 matrimonio
1027 3285 1135 3370 jttnpit

268 3403 310 3472 (l)
327 3403 448 3474 Quando,
467 3407 485 3462 i.
502 3423 526 3461 o.
544 3407 616 3478 quie·
723 3404 725 3408 ’

274 3475 312 3544 (2)
325 3475 364 3528 lio
375 3479 479 3545 virtute,
497 3478 515 3530 i.
534 3493 557 3530 e.
575 3492 608 3530 ex
626 3475 725 3532 virtute
743 3475 894 3531 iniuntutis.
