2514 3972
227 219 293 286 534
522 240 578 286 ιιι.
602 240 644 286 ιιι,
666 238 729 284 ιιι.
754 238 824 286 cvra

227 307 397 374 substantia
432 307 547 374 malam
576 308 747 374 secundum
772 322 913 377 naturam
952 305 1066 373 habeat
1100 328 1155 374 vo·

232 397 393 474 luentem,
417 398 475 462 nisi
499 398 677 463 naturaliter
699 397 872 462 intellectus
895 409 976 462 erret
998 397 1078 464 cirea
1101 397 1154 482 ju·
1199 451 1210 480 ,

227 486 341 552 dicium
368 487 451 552 boni.
474 486 582 552 Nullus
605 501 708 552 antem
738 485 910 550 intellectus
947 484 1013 550 talis
1051 501 1155 570 potest

227 596 305 654 esse;
328 575 402 642 falsa
426 576 509 642 enim
529 575 644 660 judicia
668 576 700 640 in
723 574 953 660 operationibus
976 573 1153 642 intellectus

226 677 299 732 sunt
321 665 412 730 siout·
423 679 559 730 monstra
584 666 613 730 in
638 665 730 730 rebus
754 663 957 739 naturalibus,
983 682 1062 750 quae
1085 685 1152 730 ooo

225 768 296 820 sunt
319 753 489 820 secundum
514 775 601 818 auam
618 767 771 829 naturam,
786 752 841 818 sed
859 765 979 837 praeter
995 765 1155 830 naturam;

225 863 297 908 nam
322 842 439 908 bonum
463 833 635 907 intellectus
667 857 698 906 et
735 843 802 926 ejus
825 841 895 907 finis
919 841 1064 906 naturalis
1104 856 1153 908 est

224 932 360 1016 cognitio
383 931 526 996 veritatis.
550 930 742 1017 lmpossibile
765 945 811 996 est
834 944 927 1014 igitur
940 930 1022 1018 quod
1038 930 1152 1016 aliquis

225 1020 398 1086 intellectus
420 1021 459 1086 sit
481 1020 533 1105 qui
559 1021 737 1086 naturaliter
774 1019 943 1106 injudicio
967 1019 1029 1084 reri
1063 1019 1150 1086 deei-

227 1110 338 1194 piatur.
362 1109 468 1196 Neque
498 1111 590 1193 igitur
625 1109 770 1196 possibile
792 1125 839 1174 est
861 1108 945 1195 quod
968 1109 1006 1174 sit
1044 1108 1149 1194 aliqua

225 1199 394 1264 substantia
419 1198 630 1264 intellectualis
664 1199 782 1264 habeus
821 1196 999 1264 naturaliter
1032 1198 1150 1264 malam

223 1287 424 1354 voluntatem.

294 1376 412 1454 Adhuc,
434 1375 523 1442 Nulla
547 1374 683 1462 potentia
706 1375 912 1460 cognoscitira
935 1374 1069 1442 deficite
1091 1395 1151 1441 eo-

228 1465 365 1549 gnitione
388 1465 436 1530 sui
457 1465 581 1550 objecti,
605 1465 662 1530 nisi
686 1479 811 1552 propter
832 1465 967 1551 aliquem
990 1463 1151 1532 delectum

224 1567 277 1618 aut
300 1554 529 1641 corruptionem
561 1575 661 1632 suam,
688 1575 759 1620 cum
794 1553 964 1620 secuudum
988 1554 1150 1640 propriam

224 1645 375 1709 rationem
406 1644 445 1710 ad
480 1642 687 1728 cognitionem
724 1642 791 1708 talis
826 1642 937 1726 objecti
975 1644 1150 1721 ordinetur;

225 1734 302 1798 sicut
327 1733 409 1798 visus
444 1753 507 1798 noo
542 1731 685 1798 deficite
720 1730 897 1816 cognitione
930 1731 1052 1808 coloris,
1084 1732 1149 1798 nisi

224 1821 325 1907 aliqua
356 1823 553 1908 corruptione
587 1821 666 1886 circa
705 1821 806 1904 ipsum
845 1821 1001 1886 existente.
1036 1819 1150 1886 Omnis

225 1925 329 1974 autem
353 1909 490 1976 delectus
525 1923 555 1974 et
588 1911 745 1996 corruptio
768 1923 815 1976 est
837 1925 958 1996 praeter
992 1923 1149 1989 naturam,

224 1999 297 2084 quia
320 2012 429 2064 natura
454 1998 584 2064 intendit
610 2018 677 2064 esse
700 2011 731 2066 et
753 1997 973 2084 perlectionem
1008 2000 1063 2064 rei.
1088 1999 1150 2074 lm-

225 2087 371 2174 possibile
386 2101 432 2152 est
448 2087 540 2172 igitur
554 2087 638 2173 quod
655 2089 692 2152 sit
713 2085 815 2174 aliqua
832 2090 926 2154 virtus
941 2087 1151 2172 cognoscitira

223 2197 304 2261 quae
327 2177 506 2242 naturaliter
529 2176 691 2242 deliciata
715 2191 799 2241 recto
819 2175 937 2262 judicio
952 2179 999 2242 sui
1023 2176 1150 2262 objecti.

223 2265 387 2353 Proprium
413 2281 516 2334 autem
554 2264 710 2354 objectum
749 2266 921 2332 intellectus
951 2278 997 2330 est
1028 2286 1149 2332 verum.

225 2355 417 2441 Impossibile
448 2369 494 2420 est
531 2355 622 2456 igitur
645 2345 728 2440 quod
759 2357 797 2420 sit
830 2355 939 2442 aliquis
975 2355 1150 2422 intellectus

223 2442 451 2510 naturaliter'
426 2464 505 2510 once
529 2443 736 2528 coguitionem
761 2445 823 2510 veri
854 2445 1011 2510 oberrans.
1040 2443 1150 2531 Neque

224 2533 317 2616 igitur
345 2533 485 2598 voluntas
519 2532 621 2620 aliqua
659 2531 839 2600 naturaliter
877 2547 977 2620 potest
1009 2554 1027 2597 a
1060 2533 1149 2601 bono

224 2621 370 2688 deficere.

290 2711 355 2777 Hoc
379 2711 471 2776 etiam
505 2709 684 2774 auctoritate
707 2729 813 2776 sacrae
835 2708 1011 2797 Scripturae
1034 2711 1150 2777 confir·

223 2813 336 2879 matum
358 2801 470 2868 dicitnr
492 2800 587 2866 enim:
629 2799 736 2864 Omnis
771 2810 919 2866 creotnro
954 2800 1011 2864 Dei
1045 2799 1149 2879 bono,

225 2892 239 2958 l
268 2891 360 2969 Tim.⁹
382 2891 416 2967 Ιι,
438 2890 470 2966 4;
494 2887 585 2954 unde:
618 2887 1149 2974 liclitDenacnnctaqnoesccerot‚

222 2989 365 3046 etcrcnt
388 2937 478 3044 eitlcll
502 2977 592 3056 borao,
615 2975 702 3054 Gen,
728 2979 756 3054 l,
781 2978 833 3044 51.
1134 3033 1140 3042 .

288 3069 347 3134 Per
371 3068 429 3134 hoc
452 3081 555 3132 autem
590 3025 761 3132 exelutlitur
784 3085 872 3132 error
894 3066 1147 3132 Manichaeorum

223 3159 405 3245 ponentium
429 3155 605 3241 hujusmodi
621 3155 805 3224 substantias
821 3155 1053 3234 intellectuales,
1068 3176 1147 3242 quas
1243 3187 1244 3192 ι

222 3247 392 3313 daemones
413 3258 560 3311 consueto
592 3245 718 3310 nomine
754 3245 886 3310 elicimus
909 3245 956 3312 vel
995 3245 1148 3324 diabolos,

222 3357 291 3401 esse
314 3335 493 3402 naturaliter
516 3333 621 3398 malas.
636 3333 811 3400 Excludltur
826 3335 918 3400 etlam
931 3334 1036 3421 opinio
1050 3353 1147 3421 qnam

223 3425 413 3511 Porphyrius
436 3423 595 3489 narratio
619 3423 746 3510 epistola
771 3421 810 3488 ad
827 3421 1149 3502 anebontemdtcena

218 3513 375 3595 :quosdam
404 3512 528 3598 opinari
561 3529 627 3576 case
659 3512 819 3598 qooddotn
853 3514 1019 3602 spiriteum
1050 3531 1149 3598 penca
