2452 3970
349 269 405 314 nm.
430 267 470 313 ut.
494 269 557 314 can.
581 269 669 314 txvu.
912 246 975 312 l89

55 337 136 424 quod
158 348 233 402 sunt
255 338 358 422 gravia
382 351 412 402 et
435 338 524 417 leuia,
547 349 577 404 et
599 337 671 403 ideo
707 357 798 402 causa
837 337 975 424 ipsorum

54 441 152 491 anctus
184 425 297 492 dicitur
331 447 399 492 csse
436 447 587 511 generans
622 429 675 512 qui
714 426 798 490 dedit
832 425 975 491 formam.

53 515 158 580 Omnis
174 519 280 580 eutem
298 519 392 581 virtus
408 515 649 603 uniuscujusque
664 515 782 600 agentis
797 529 843 579 est
865 535 882 578 a
911 514 976 580 Deo

55 605 126 669 sicut
165 625 183 669 a
219 605 369 692 principio
405 606 505 670 omnis
545 604 749 691 perfectionis.
790 604 880 688 Ergo,
904 623 975 667 curn

55 693 150 758 omnis
175 695 315 779 operatio
339 709 545 779 consequatur
562 694 694 778 aliquam
713 695 866 770 virtutem,
883 711 976 778 opor·

57 797 94 846 tet
115 783 202 868 quod
226 782 390 868 cujuslibet
413 783 599 868 operationis
623 803 714 846 causa
738 782 776 847 sit
799 782 895 846 Deus.

115 872 268 957 Amplius,
291 872 484 936 Manifestum
508 887 553 936 est
576 873 658 957 quod
684 873 784 936 onmis
801 871 880 935 aetio
897 889 976 955 quae

54 979 111 1024 non
134 975 239 1046 potest
254 980 448 1048 permanere,
472 975 611 1026 cessante
634 961 838 1045 impressione
878 958 975 1023 alieu-

53 1048 98 1130 jus
120 1051 253 1133 agentis,
277 1063 323 1115 est
346 1049 385 1113 ab
409 1049 471 1114 illo·
495 1063 615 1134 agente
652 1051 729 1114 sicut
768 1045 976 1113 manifestatio

55 1137 190 1202 colorum
230 1159 292 1204 non
333 1153 434 1224 posset
475 1159 553 1217 esse,
584 1152 722 1202 cessante
745 1139 865 1202 actione
891 1137 1004 1220 solis,

56 1247 260 1310 quaestorem
285 1227 618 1313 illustraounqenon
655 1241 701 1290 est
735 1227 865 1291 dubium
902 1227 975 1310 quin

56 1315 98 1378 sol
131 1318 170 1380 sit
209 1337 303 1381 caiisa
328 1315 581 1382 manifestationis
605 1315 756 1390 colorum
783 1329 813 1378 ει
835 1315 977 1378 similiter

57 1407 182 1487 patetde
200 1419 286 1470 motu
311 1405 456 1483 violento,
472 1407 523 1490 qui
537 1418 645 1484 cessat,
660 1419 801 1468 cessante
828 1403 974 1467 violentia

55 1492 250 1578 impellentis.
275 1495 359 1559 Sicut
391 1491 495 1558 eutem
530 1493 614 1558 Deus
653 1513 715 1557 nou
749 1493 851 1558 solum
890 1491 975 1555 dedit

57 1601 119 1644 esse
143 1583 238 1648 rebus
262 1603 332 1648 cum
357 1585 457 1669 primo
481 1603 548 1648 esse
572 1584 763 1668 inceperunt,
787 1583 842 1645 sed
867 1601 977 1666 quam·

57 1668 106 1734 diu
128 1685 201 1736 sunt
224 1691 291 1736 esse
314 1673 345 1736 in
370 1673 413 1737 eis
437 1685 551 1750 causat,
575 1673 666 1736 resin
691 1690 758 1734 esse
780 1689 977 1745 coarcervans,

58 1771 87 1822 ut
108 1773 268 1826 ostensum
292 1773 338 1825 est
361 1761 402 1848 (c.
428 1761 495 1844 65),
521 1761 572 1838 ita,
596 1781 658 1824 uon
692 1759 792 1824 sulum
820 1779 891 1823 cum
926 1778 977 1822 res

58 1847 153 1929 primo
185 1849 327 1914 conditae
352 1864 423 1915 sunt
445 1851 489 1914 eis
512 1851 637 1914 virtutes
663 1849 834 1935 operativas
858 1847 977 1921 indidit,

58 1936 109 2000 sed
130 1958 256 2025 semper
279 1959 331 2003 eas
369 1941 399 2003 in
433 1939 526 2004 rebus
561 1951 675 2013 causac
710 1937 803 2015 unde,
841 1949 979 2001 cessante

58 2023 215 2092 influentia
239 2028 351 2106 divina,
374 2029 475 2092 omnis
498 2027 635 2113 operatio
648 2039 790 2091 cessaret.
803 2023 911 2090 Omnis
924 2027 977 2108 igi-

16 2133 17 2140 *
60 2117 170 2180 terrei
200 2118 335 2202 operatio
359 2117 390 2180 in
414 2116 516 2202 lpsum
530 2113 686 2180 reducilur
701 2115 821 2180 sicutin
844 2134 978 2179 causam.

119 2203 207 2281 item,
242 2205 399 2290 Quidquid
436 2205 567 2292 applicat
594 2205 734 2268 virtutem
769 2205 902 2268 activam
938 2202 979 2266 ad

60 2293 212 2372 agendum
235 2296 346 2358 dicitur
362 2314 428 2358 esse
452 2314 543 2358 causa
571 2292 656 2357 illius
697 2294 836 2372 actionis,
872 2290 979 2356 artifex

59 2381 137 2445 enim
162 2383 320 2469 applicans
355 2383 498 2448 virtutem
524 2383 567 2446 rei
596 2381 742 2447 naturalis
763 2382 801 2446 ad
840 2381 978 2468 aliquam

61 2469 210 2536 actionem
245 2472 355 2537 dieitur
393 2491 460 2537 esse
499 2489 590 2536 causa
629 2470 710 2536 illius
733 2472 873 2545 actionis,
900 2472 980 2534 sicut

62 2576 174 2643 coquus
199 2561 397 2639 decoctionis,
421 2579 501 2648 quae
525 2573 572 2624 est
595 2579 649 2648 per
666 2561 781 2645 ignem.
795 2561 857 2624 Sed
871 2561 973 2624 omrris

63 2649 223 2732 applicatio
248 2650 365 2714 virtutis
389 2650 427 2713 ad
450 2651 662 2736 operationem
686 2663 732 2714 est
770 2649 980 2736 principaliter

64 2747 91 2796 et
114 2738 213 2821 primo
237 2759 253 2802 a
278 2737 354 2802 Deo:
378 2738 569 2825 applicantur
592 2738 675 2802 enim
711 2741 835 2802 virtutes
870 2756 979 2822 opera·

68 2824 142 2889 rivae
168 2826 208 2890 ad
232 2827 370 2913 proprias
393 2827 587 2912 operationes
610 2847 665 2913 per
688 2823 822 2913 aliquem
860 2839 979 2889 motum

67 2912 111 2976 vel
134 2917 271 3002 eorporis
295 2917 343 2980 vel
367 2919 499 2992 animae3
516 2916 650 3002 primum
667 2931 769 2980 autem
795 2915 979 3000 principium

68 3002 222 3090 utriusque
245 3021 347 3070 motus
360 3005 408 3070 'est
420 3005 514 3080 Deus3
530 3019 575 3068 est
597 3007 680 3068 enirn
692 3005 837 3093 primumx
851 3021 980 3067 nroueus

69 3095 190 3158 omnino
213 3093 382 3172 immobile,
405 3106 552 3179 utsupra
575 3091 610 3178 (l.
636 3093 665 3170 l,
688 3113 714 3156 c.
741 3093 796 3178 tc)
820 3106 977 3156 ostensum

69 3192 119 3256 est;
142 3195 172 3246 et
195 3183 335 3248 similiter
359 3183 459 3248 omnis
483 3195 584 3246 motus
600 3180 773 3260 voluntatis,
796 3202 858 3267 quo
882 3181 978 3266 appli-

69 3284 170 3336 cantur
192 3271 313 3358 aliquae
344 3274 469 3336 uirtutes
507 3269 546 3334 ad
581 3269 784 3356 operandum,
825 3270 981 3335 reducitur

70 3353 97 3418 in
120 3357 218 3424 Deum
243 3363 322 3426 siout
343 3363 374 3425 iu
398 3361 532 3447 primum
556 3358 720 3445 appetibile
742 3374 772 3424 et
788 3359 819 3424 in
844 3359 978 3445 primum

70 3445 226 3513 volentem.
251 3448 360 3515 Omnis
383 3451 475 3534 igitur
498 3449 635 3534 operatio
658 3447 750 3515 debet
766 3447 889 3515 attribui
913 3447 979 3514 Deo

71 3533 140 3600 sicut
164 3541 263 3626 primo
288 3556 317 3607 et
341 3537 500 3628 principali
524 3539 637 3624 agenti.
