<?xml version="1.0" encoding="UTF-8"?>
<!DOCTYPE html PUBLIC "-//W3C//DTD XHTML 1.0 Transitional//EN"
    "http://www.w3.org/TR/xhtml1/DTD/xhtml1-transitional.dtd">
<html xmlns="http://www.w3.org/1999/xhtml" xml:lang="en" lang="en">
 <head>
  <title>
</title>
<meta http-equiv="Content-Type" content="text/html;charset=utf-8" />
  <meta name='ocr-system' content='tesseract 3.04.00' />
  <meta name='ocr-capabilities' content='ocr_page ocr_carea ocr_par ocr_line ocrx_word'/>
</head>
<body>
  <div class='ocr_page' id='page_1' title='image "./sanctithomaeaqu00thomgoog_0490.png"; bbox 0 0 2516 3968; ppageno 0'>
   <div class='ocr_carea' id='block_1_1' title="bbox 133 259 1113 792">
    <p class='ocr_par' dir='ltr' id='par_1_1' title="bbox 133 259 1113 792">
     <span class='ocr_line' id='line_1_1' title="bbox 354 259 1056 325; baseline 0 -1"><span class='ocrx_word' id='word_1_1' title='bbox 354 279 410 324; x_wconf 81' lang='lat' dir='ltr'><strong>trn.</strong></span> <span class='ocrx_word' id='word_1_2' title='bbox 436 275 476 324; x_wconf 75' lang='lat' dir='ltr'><strong>nt</strong></span> <span class='ocrx_word' id='word_1_3' title='bbox 501 279 564 325; x_wconf 82' lang='lat' dir='ltr'><strong>cnr.</strong></span> <span class='ocrx_word' id='word_1_4' title='bbox 589 279 653 325; x_wconf 83' lang='lat' dir='ltr'><strong>eux.</strong></span> <span class='ocrx_word' id='word_1_5' title='bbox 677 279 712 322; x_wconf 84' lang='lat' dir='ltr'><strong>nr</strong></span> <span class='ocrx_word' id='word_1_6' title='bbox 737 277 825 323; x_wconf 67' lang='lat' dir='ltr'><strong>cnut:</strong></span> <span class='ocrx_word' id='word_1_7' title='bbox 991 259 1056 324; x_wconf 66' lang='lat'><strong>485</strong></span> 
     </span>
     <span class='ocr_line' id='line_1_2' title="bbox 133 345 1056 434; baseline 0.002 -22"><span class='ocrx_word' id='word_1_8' title='bbox 133 355 181 412; x_wconf 82' lang='lat' dir='ltr'><strong>est</strong></span> <span class='ocrx_word' id='word_1_9' title='bbox 203 345 243 430; x_wconf 86' lang='lat' dir='ltr'><strong>(o.</strong></span> <span class='ocrx_word' id='word_1_10' title='bbox 270 345 359 432; x_wconf 74' lang='lat' dir='ltr'><strong>tot),</strong></span> <span class='ocrx_word' id='word_1_11' title='bbox 386 348 443 413; x_wconf 93' lang='lat' dir='ltr'><strong>nisi</strong></span> <span class='ocrx_word' id='word_1_12' title='bbox 467 349 579 414; x_wconf 82' lang='lat' dir='ltr'><strong>auxilio</strong></span> <span class='ocrx_word' id='word_1_13' title='bbox 602 349 717 434; x_wconf 82' lang='lat' dir='ltr'><strong>gratioe</strong></span> <span class='ocrx_word' id='word_1_14' title='bbox 740 345 989 433; x_wconf 80' lang='lat' dir='ltr'><strong>praeveniuntur,</strong></span> <span class='ocrx_word' id='word_1_15' title='bbox 1010 351 1056 414; x_wconf 86' lang='lat' dir='ltr'><strong>ni-</strong></span> 
     </span>
     <span class='ocr_line' id='line_1_3' title="bbox 134 433 1056 524; baseline 0.005 -25"><span class='ocrx_word' id='word_1_16' title='bbox 134 433 302 502; x_wconf 82' lang='lat' dir='ltr'><strong>hilominus</strong></span> <span class='ocrx_word' id='word_1_17' title='bbox 327 451 430 503; x_wconf 83' lang='lat' dir='ltr'><strong>tomen</strong></span> <span class='ocrx_word' id='word_1_18' title='bbox 454 437 513 503; x_wconf 86' lang='lat' dir='ltr'><strong>hoe</strong></span> <span class='ocrx_word' id='word_1_19' title='bbox 536 437 580 504; x_wconf 89' lang='lat' dir='ltr'><strong>eis</strong></span> <span class='ocrx_word' id='word_1_20' title='bbox 604 435 1056 524; x_wconf 79' lang='lat' dir='ltr'><strong>imputeturedeulpemquio</strong></span> 
     </span>
     <span class='ocr_line' id='line_1_4' title="bbox 135 520 1058 612; baseline 0.004 -24"><span class='ocrx_word' id='word_1_21' title='bbox 135 523 184 589; x_wconf 83' lang='lat' dir='ltr'><strong>itio</strong></span> <span class='ocrx_word' id='word_1_22' title='bbox 197 524 333 592; x_wconf 83' lang='lat' dir='ltr'><strong>deiectus</strong></span> <span class='ocrx_word' id='word_1_23' title='bbox 356 547 393 592; x_wconf 87' lang='lat' dir='ltr'><strong>ex</strong></span> <span class='ocrx_word' id='word_1_24' title='bbox 416 520 514 612; x_wconf 69' lang='lat' dir='ltr'><strong>cuipa&#39;</strong></span> <span class='ocrx_word' id='word_1_25' title='bbox 530 525 733 612; x_wconf 77' lang='lat' dir='ltr'>praecedente</span> <span class='ocrx_word' id='word_1_26' title='bbox 750 527 780 590; x_wconf 91' lang='lat' dir='ltr'><strong>in</strong></span> <span class='ocrx_word' id='word_1_27' title='bbox 804 526 847 590; x_wconf 89' lang='lat' dir='ltr'><strong>eis</strong></span> <span class='ocrx_word' id='word_1_28' title='bbox 861 525 1058 610; x_wconf 72' lang='lat' dir='ltr'><strong>relinquitum</strong></span> 
     </span>
     <span class='ocr_line' id='line_1_5' title="bbox 135 613 1113 700; baseline 0.004 -23"><span class='ocrx_word' id='word_1_29' title='bbox 135 613 212 678; x_wconf 87' lang='lat' dir='ltr'><strong>sieut</strong></span> <span class='ocrx_word' id='word_1_30' title='bbox 229 613 334 680; x_wconf 88' lang='lat' dir='ltr'><strong>ebrius</strong></span> <span class='ocrx_word' id='word_1_31' title='bbox 346 617 384 681; x_wconf 80' lang='lat' dir='ltr'><strong>nd</strong></span> <span class='ocrx_word' id='word_1_32' title='bbox 398 615 633 681; x_wconf 83' lang='lat' dir='ltr'><strong>homicidionon</strong></span> <span class='ocrx_word' id='word_1_33' title='bbox 643 629 805 680; x_wconf 80' lang='lat' dir='ltr'><strong>excusetur</strong></span> <span class='ocrx_word' id='word_1_34' title='bbox 819 614 901 700; x_wconf 89' lang='lat' dir='ltr'><strong>quod</strong></span> <span class='ocrx_word' id='word_1_35' title='bbox 914 635 969 700; x_wconf 93' lang='lat' dir='ltr'><strong>per</strong></span> <span class='ocrx_word' id='word_1_36' title='bbox 977 614 1057 680; x_wconf 89' lang='lat' dir='ltr'><strong>ebri-</strong></span> <span class='ocrx_word' id='word_1_37' title='bbox 1112 642 1113 647; x_wconf 47' lang='lat'>¹</span> 
     </span>
     <span class='ocr_line' id='line_1_6' title="bbox 134 698 1059 792; baseline 0.002 -26"><span class='ocrx_word' id='word_1_38' title='bbox 134 715 247 768; x_wconf 80' lang='lat' dir='ltr'><strong>etatem</strong></span> <span class='ocrx_word' id='word_1_39' title='bbox 260 706 433 782; x_wconf 80' lang='lat' dir='ltr'><strong>committit,</strong></span> <span class='ocrx_word' id='word_1_40' title='bbox 449 725 541 791; x_wconf 82' lang='lat' dir='ltr'><strong>quam</strong></span> <span class='ocrx_word' id='word_1_41' title='bbox 559 727 612 772; x_wconf 83' lang='lat' dir='ltr'><strong>sua</strong></span> <span class='ocrx_word' id='word_1_42' title='bbox 634 705 723 792; x_wconf 85' lang='lat' dir='ltr'><strong>euipo</strong></span> <span class='ocrx_word' id='word_1_43' title='bbox 736 698 1059 782; x_wconf 82' lang='lat' dir='ltr'><strong>inourrit.·Praetereu,</strong></span> 
     </span>
    </p>
   </div>
   <div class='ocr_carea' id='block_1_2' title="bbox 135 789 1113 1327">
    <p class='ocr_par' dir='ltr' id='par_1_2' title="bbox 135 789 1113 1327">
     <span class='ocr_line' id='line_1_7' title="bbox 135 789 1113 880; baseline 0.002 -24"><span class='ocrx_word' id='word_1_44' title='bbox 135 789 205 856; x_wconf 84' lang='lat' dir='ltr'><strong>lieet</strong></span> <span class='ocrx_word' id='word_1_45' title='bbox 223 791 274 858; x_wconf 90' lang='lat' dir='ltr'><strong>ille</strong></span> <span class='ocrx_word' id='word_1_46' title='bbox 288 795 339 879; x_wconf 90' lang='lat' dir='ltr'><strong>qui</strong></span> <span class='ocrx_word' id='word_1_47' title='bbox 352 795 441 860; x_wconf 88' lang='lat' dir='ltr'><strong>estin</strong></span> <span class='ocrx_word' id='word_1_48' title='bbox 459 810 584 880; x_wconf 81' lang='lat' dir='ltr'><strong>peceato</strong></span> <span class='ocrx_word' id='word_1_49' title='bbox 598 815 659 860; x_wconf 90' lang='lat' dir='ltr'><strong>non</strong></span> <span class='ocrx_word' id='word_1_50' title='bbox 676 793 788 858; x_wconf 83' lang='lat' dir='ltr'><strong>hebeat</strong></span> <span class='ocrx_word' id='word_1_51' title='bbox 811 791 871 860; x_wconf 86' lang='lat' dir='ltr'><strong>hoe</strong></span> <span class='ocrx_word' id='word_1_52' title='bbox 888 793 1057 880; x_wconf 80' lang='lat' dir='ltr'><strong>inproprie</strong></span> <span class='ocrx_word' id='word_1_53' title='bbox 1111 860 1113 866; x_wconf 79' lang='grc'>,</span> 
     </span>
     <span class='ocr_line' id='line_1_8' title="bbox 135 881 1057 969; baseline 0.002 -24"><span class='ocrx_word' id='word_1_54' title='bbox 135 894 284 965; x_wconf 77' lang='lat' dir='ltr'><strong>potestate</strong></span> <span class='ocrx_word' id='word_1_55' title='bbox 307 883 390 968; x_wconf 90' lang='lat' dir='ltr'><strong>quod</strong></span> <span class='ocrx_word' id='word_1_56' title='bbox 415 883 543 948; x_wconf 93' lang='lat' dir='ltr'><strong>omnino</strong></span> <span class='ocrx_word' id='word_1_57' title='bbox 566 885 638 950; x_wconf 85' lang='lat' dir='ltr'><strong>vitet</strong></span> <span class='ocrx_word' id='word_1_58' title='bbox 661 897 832 969; x_wconf 82' lang='lat' dir='ltr'><strong>peceatum,</strong></span> <span class='ocrx_word' id='word_1_59' title='bbox 849 881 1057 948; x_wconf 82' lang='lat' dir='ltr'><strong>habettumen</strong></span> 
     </span>
     <span class='ocr_line' id='line_1_9' title="bbox 137 971 1056 1058; baseline 0 -24"><span class='ocrx_word' id='word_1_60' title='bbox 137 983 319 1054; x_wconf 78' lang='lat' dir='ltr'><strong>potestatem</strong></span> <span class='ocrx_word' id='word_1_61' title='bbox 342 993 425 1037; x_wconf 87' lang='lat' dir='ltr'><strong>nune</strong></span> <span class='ocrx_word' id='word_1_62' title='bbox 450 971 545 1037; x_wconf 81' lang='lat' dir='ltr'><strong>vitare</strong></span> <span class='ocrx_word' id='word_1_63' title='bbox 575 973 634 1039; x_wconf 88' lang='lat' dir='ltr'><strong>hoe</strong></span> <span class='ocrx_word' id='word_1_64' title='bbox 657 971 705 1036; x_wconf 83' lang='lat' dir='ltr'><strong>uei</strong></span> <span class='ocrx_word' id='word_1_65' title='bbox 729 971 804 1036; x_wconf 90' lang='lat' dir='ltr'><strong>illud</strong></span> <span class='ocrx_word' id='word_1_66' title='bbox 827 986 998 1058; x_wconf 80' lang='lat' dir='ltr'><strong>peecatum,</strong></span> <span class='ocrx_word' id='word_1_67' title='bbox 1022 985 1056 1035; x_wconf 90' lang='lat' dir='ltr'><strong>ut</strong></span> 
     </span>
     <span class='ocr_line' id='line_1_10' title="bbox 135 1055 1057 1146; baseline 0.002 -25"><span class='ocrx_word' id='word_1_68' title='bbox 135 1055 250 1123; x_wconf 91' lang='lat' dir='ltr'><strong>dietum</strong></span> <span class='ocrx_word' id='word_1_69' title='bbox 274 1073 320 1125; x_wconf 89' lang='lat' dir='ltr'><strong>est</strong></span> <span class='ocrx_word' id='word_1_70' title='bbox 344 1061 382 1144; x_wconf 88' lang='lat' dir='ltr'><strong>(o.</strong></span> <span class='ocrx_word' id='word_1_71' title='bbox 410 1061 498 1143; x_wconf 73' lang='grc' dir='ltr'>1δδ);</span> <span class='ocrx_word' id='word_1_72' title='bbox 522 1062 606 1127; x_wconf 91' lang='lat' dir='ltr'><strong>unde</strong></span> <span class='ocrx_word' id='word_1_73' title='bbox 628 1060 858 1146; x_wconf 56' lang='lat' dir='ltr'><strong>,quodcumque</strong></span> <span class='ocrx_word' id='word_1_74' title='bbox 892 1060 1057 1125; x_wconf 81' lang='lat' dir='ltr'><strong>committit</strong></span> 
     </span>
     <span class='ocr_line' id='line_1_11' title="bbox 135 1146 1052 1237; baseline 0.007 -27"><span class='ocrx_word' id='word_1_75' title='bbox 135 1146 306 1214; x_wconf 75' lang='lat' dir='ltr'><strong>voluntarie</strong></span> <span class='ocrx_word' id='word_1_76' title='bbox 330 1151 502 1230; x_wconf 86' lang='lat' dir='ltr'><strong>committit,</strong></span> <span class='ocrx_word' id='word_1_77' title='bbox 525 1163 555 1216; x_wconf 89' lang='lat' dir='ltr'><strong>et</strong></span> <span class='ocrx_word' id='word_1_78' title='bbox 578 1151 618 1217; x_wconf 80' lang='lat' dir='ltr'><strong>ita</strong></span> <span class='ocrx_word' id='word_1_79' title='bbox 642 1170 706 1215; x_wconf 89' lang='lat' dir='ltr'><strong>non</strong></span> <span class='ocrx_word' id='word_1_80' title='bbox 722 1149 877 1215; x_wconf 89' lang='lat' dir='ltr'><strong>immerito</strong></span> <span class='ocrx_word' id='word_1_81' title='bbox 899 1150 927 1214; x_wconf 90' lang='lat' dir='ltr'><strong>ei</strong></span> <span class='ocrx_word' id='word_1_82' title='bbox 950 1150 1052 1237; x_wconf 91' lang='lat' dir='ltr'><strong>impu-</strong></span> 
     </span>
     <span class='ocr_line' id='line_1_12' title="bbox 136 1238 434 1327; baseline 0.02 -28"><span class='ocrx_word' id='word_1_83' title='bbox 136 1249 217 1301; x_wconf 82' lang='lat' dir='ltr'><strong>tatur</strong></span> <span class='ocrx_word' id='word_1_84' title='bbox 240 1238 278 1303; x_wconf 84' lang='lat' dir='ltr'><strong>ed</strong></span> <span class='ocrx_word' id='word_1_85' title='bbox 301 1239 434 1327; x_wconf 82' lang='lat' dir='ltr'><strong>eulpam.</strong></span> 
     </span>
    </p>
   </div>
   <div class='ocr_carea' id='block_1_3' title="bbox 123 1361 748 1430">
    <p class='ocr_par' dir='ltr' id='par_1_3' title="bbox 123 1361 748 1430">
     <span class='ocr_line' id='line_1_13' title="bbox 123 1361 748 1430; baseline -0.003 0"><span class='ocrx_word' id='word_1_86' title='bbox 123 1363 138 1430; x_wconf 75' lang='lat' dir='ltr'><strong>i</strong></span> <span class='ocrx_word' id='word_1_87' title='bbox 445 1361 615 1428; x_wconf 80' lang='lat' dir='ltr'>CAPUT</span> <span class='ocrx_word' id='word_1_88' title='bbox 649 1361 748 1428; x_wconf 84' lang='lat' dir='ltr'><strong>CLXI.</strong></span> 
     </span>
    </p>
   </div>
   <div class='ocr_carea' id='block_1_4' title="bbox 169 1463 1034 1642">
    <p class='ocr_par' dir='ltr' id='par_1_4' title="bbox 169 1463 1034 1642">
     <span class='ocr_line' id='line_1_14' title="bbox 169 1463 1034 1552; baseline 0.008 -25"><span class='ocrx_word' id='word_1_89' title='bbox 169 1463 257 1542; x_wconf 83' lang='lat' dir='ltr'><strong>Quod</strong></span> <span class='ocrx_word' id='word_1_90' title='bbox 280 1465 364 1531; x_wconf 79' lang='lat' dir='ltr'><strong>Deus</strong></span> <span class='ocrx_word' id='word_1_91' title='bbox 387 1469 509 1552; x_wconf 79' lang='lat' dir='ltr'><strong>aliquos</strong></span> <span class='ocrx_word' id='word_1_92' title='bbox 530 1489 551 1531; x_wconf 89' lang='lat' dir='ltr'><strong>o</strong></span> <span class='ocrx_word' id='word_1_93' title='bbox 572 1479 697 1550; x_wconf 81' lang='lat' dir='ltr'><strong>peceato</strong></span> <span class='ocrx_word' id='word_1_94' title='bbox 722 1467 833 1532; x_wconf 78' lang='lat' dir='ltr'><strong>liberat</strong></span> <span class='ocrx_word' id='word_1_95' title='bbox 862 1479 892 1534; x_wconf 86' lang='lat' dir='ltr'><strong>et</strong></span> <span class='ocrx_word' id='word_1_96' title='bbox 913 1469 1034 1552; x_wconf 75' lang='lat' dir='ltr'><strong>utinum</strong></span> 
     </span>
     <span class='ocr_line' id='line_1_15' title="bbox 343 1558 774 1642; baseline 0.009 -24"><span class='ocrx_word' id='word_1_97' title='bbox 343 1612 346 1618; x_wconf 92' lang='grc'><em>,</em></span> <span class='ocrx_word' id='word_1_98' title='bbox 415 1558 448 1622; x_wconf 81' lang='lat' dir='ltr'><strong>in</strong></span> <span class='ocrx_word' id='word_1_99' title='bbox 468 1569 593 1640; x_wconf 86' lang='lat' dir='ltr'><strong>peceato</strong></span> <span class='ocrx_word' id='word_1_100' title='bbox 618 1559 774 1642; x_wconf 74' lang='lat' dir='ltr'><strong>relinquit.</strong></span> 
     </span>
    </p>
   </div>
   <div class='ocr_carea' id='block_1_5' title="bbox 142 1676 1058 1766">
    <p class='ocr_par' dir='ltr' id='par_1_5' title="bbox 142 1676 1058 1766">
     <span class='ocr_line' id='line_1_16' title="bbox 142 1676 1058 1766; baseline 0.007 -25"><span class='ocrx_word' id='word_1_101' title='bbox 142 1699 146 1708; x_wconf 91' lang='lat'><em>·</em></span> <span class='ocrx_word' id='word_1_102' title='bbox 202 1676 285 1742; x_wconf 89' lang='lat' dir='ltr'><strong>Lieet</strong></span> <span class='ocrx_word' id='word_1_103' title='bbox 307 1694 410 1744; x_wconf 82' lang='lat' dir='ltr'><strong>autem</strong></span> <span class='ocrx_word' id='word_1_104' title='bbox 434 1681 485 1745; x_wconf 86' lang='lat' dir='ltr'><strong>iile</strong></span> <span class='ocrx_word' id='word_1_105' title='bbox 508 1681 559 1765; x_wconf 90' lang='lat' dir='ltr'><strong>qui</strong></span> <span class='ocrx_word' id='word_1_106' title='bbox 585 1693 690 1765; x_wconf 82' lang='lat' dir='ltr'><strong>peceat</strong></span> <span class='ocrx_word' id='word_1_107' title='bbox 712 1679 973 1766; x_wconf 84' lang='lat' dir='ltr'><strong>impedimentum</strong></span> <span class='ocrx_word' id='word_1_108' title='bbox 988 1702 1058 1766; x_wconf 81' lang='lat' dir='ltr'><strong>gre·</strong></span> 
     </span>
    </p>
   </div>
   <div class='ocr_carea' id='block_1_6' title="bbox 138 1767 1159 1856">
    <p class='ocr_par' dir='ltr' id='par_1_6' title="bbox 138 1767 1159 1856">
     <span class='ocr_line' id='line_1_17' title="bbox 138 1767 1159 1856; baseline 0.005 -25"><span class='ocrx_word' id='word_1_109' title='bbox 138 1767 198 1831; x_wconf 83' lang='lat' dir='ltr'><strong>tien</strong></span> <span class='ocrx_word' id='word_1_110' title='bbox 222 1781 364 1853; x_wconf 84' lang='lat' dir='ltr'><strong>praestet,</strong></span> <span class='ocrx_word' id='word_1_111' title='bbox 387 1782 418 1834; x_wconf 89' lang='lat' dir='ltr'><strong>et</strong></span> <span class='ocrx_word' id='word_1_112' title='bbox 433 1771 463 1834; x_wconf 93' lang='lat' dir='ltr'><strong>in</strong></span> <span class='ocrx_word' id='word_1_113' title='bbox 488 1783 638 1854; x_wconf 82' lang='lat' dir='ltr'><strong>quantum</strong></span> <span class='ocrx_word' id='word_1_114' title='bbox 655 1767 732 1834; x_wconf 90' lang='lat' dir='ltr'><strong>ordo</strong></span> <span class='ocrx_word' id='word_1_115' title='bbox 756 1789 860 1834; x_wconf 86' lang='lat' dir='ltr'><strong>rerum</strong></span> <span class='ocrx_word' id='word_1_116' title='bbox 878 1770 1061 1856; x_wconf 68' lang='lat' dir='ltr'><strong>enipiugra·</strong></span> <span class='ocrx_word' id='word_1_117' title='bbox 1157 1785 1159 1792; x_wconf 86' lang='lat'>&#39;</span> 
     </span>
    </p>
   </div>
   <div class='ocr_carea' id='block_1_7' title="bbox 135 1855 1062 3642">
    <p class='ocr_par' dir='ltr' id='par_1_7' title="bbox 135 1855 1062 3532">
     <span class='ocr_line' id='line_1_18' title="bbox 136 1855 1062 1946; baseline 0.006 -26"><span class='ocrx_word' id='word_1_118' title='bbox 136 1855 210 1920; x_wconf 81' lang='lat' dir='ltr'><strong>tiam</strong></span> <span class='ocrx_word' id='word_1_119' title='bbox 224 1876 285 1920; x_wconf 92' lang='lat' dir='ltr'><strong>uon</strong></span> <span class='ocrx_word' id='word_1_120' title='bbox 310 1857 437 1924; x_wconf 80' lang='lat' dir='ltr'><strong>deberet</strong></span> <span class='ocrx_word' id='word_1_121' title='bbox 460 1858 607 1944; x_wconf 84' lang='lat' dir='ltr'><strong>recipere,</strong></span> <span class='ocrx_word' id='word_1_122' title='bbox 623 1870 738 1935; x_wconf 81' lang='lat' dir='ltr'><strong>temen,</strong></span> <span class='ocrx_word' id='word_1_123' title='bbox 751 1857 823 1944; x_wconf 84' lang='lat' dir='ltr'><strong>quie</strong></span> <span class='ocrx_word' id='word_1_124' title='bbox 841 1857 926 1924; x_wconf 87' lang='lat' dir='ltr'><strong>Deus</strong></span> <span class='ocrx_word' id='word_1_125' title='bbox 940 1871 1062 1946; x_wconf 84' lang='lat' dir='ltr'><strong>praeter</strong></span> 
     </span>
     <span class='ocr_line' id='line_1_19' title="bbox 136 1943 1059 2034; baseline 0.007 -25"><span class='ocrx_word' id='word_1_126' title='bbox 136 1943 278 2009; x_wconf 82' lang='lat' dir='ltr'><strong>ordinem</strong></span> <span class='ocrx_word' id='word_1_127' title='bbox 302 1946 395 2012; x_wconf 81' lang='lat' dir='ltr'><strong>rebus</strong></span> <span class='ocrx_word' id='word_1_128' title='bbox 418 1947 548 2012; x_wconf 93' lang='lat' dir='ltr'><strong>inditum</strong></span> <span class='ocrx_word' id='word_1_129' title='bbox 573 1948 692 2034; x_wconf 83' lang='lat' dir='ltr'><strong>operari</strong></span> <span class='ocrx_word' id='word_1_130' title='bbox 718 1959 828 2034; x_wconf 89' lang='lat' dir='ltr'><strong>potest,</strong></span> <span class='ocrx_word' id='word_1_131' title='bbox 869 1949 948 2013; x_wconf 87' lang='lat' dir='ltr'><strong>sieut</strong></span> <span class='ocrx_word' id='word_1_132' title='bbox 986 1969 1059 2015; x_wconf 84' lang='lat' dir='ltr'><strong>euru</strong></span> 
     </span>
     <span class='ocr_line' id='line_1_20' title="bbox 136 2034 1059 2114; baseline 0.004 -16"><span class='ocrx_word' id='word_1_133' title='bbox 136 2052 262 2098; x_wconf 82' lang='lat' dir='ltr'><strong>eaeeuur</strong></span> <span class='ocrx_word' id='word_1_134' title='bbox 299 2034 451 2100; x_wconf 83' lang='lat' dir='ltr'><strong>illuminat</strong></span> <span class='ocrx_word' id='word_1_135' title='bbox 489 2037 538 2101; x_wconf 86' lang='lat' dir='ltr'><strong>rei</strong></span> <span class='ocrx_word' id='word_1_136' title='bbox 575 2050 733 2102; x_wconf 90' lang='lat' dir='ltr'><strong>mortuum</strong></span> <span class='ocrx_word' id='word_1_137' title='bbox 757 2037 928 2114; x_wconf 82' lang='lat' dir='ltr'><strong>resuscitet,</strong></span> <span class='ocrx_word' id='word_1_138' title='bbox 966 2037 1059 2104; x_wconf 89' lang='lat' dir='ltr'><strong>inter-</strong></span> 
     </span>
     <span class='ocr_line' id='line_1_21' title="bbox 137 2121 1057 2213; baseline 0.008 -27"><span class='ocrx_word' id='word_1_139' title='bbox 137 2121 212 2186; x_wconf 91' lang='lat' dir='ltr'><strong>dum</strong></span> <span class='ocrx_word' id='word_1_140' title='bbox 237 2143 274 2187; x_wconf 83' lang='lat' dir='ltr'><strong>ex</strong></span> <span class='ocrx_word' id='word_1_141' title='bbox 297 2123 483 2190; x_wconf 81' lang='lat' dir='ltr'><strong>abundantia</strong></span> <span class='ocrx_word' id='word_1_142' title='bbox 504 2125 648 2190; x_wconf 85' lang='lat' dir='ltr'><strong>bonitatis</strong></span> <span class='ocrx_word' id='word_1_143' title='bbox 672 2144 747 2190; x_wconf 84' lang='lat' dir='ltr'><strong>suae</strong></span> <span class='ocrx_word' id='word_1_144' title='bbox 785 2126 877 2190; x_wconf 84' lang='lat' dir='ltr'><strong>etiam</strong></span> <span class='ocrx_word' id='word_1_145' title='bbox 917 2147 971 2192; x_wconf 90' lang='lat' dir='ltr'><strong>eos</strong></span> <span class='ocrx_word' id='word_1_146' title='bbox 1006 2129 1057 2213; x_wconf 89' lang='lat' dir='ltr'><strong>qui</strong></span> 
     </span>
     <span class='ocr_line' id='line_1_22' title="bbox 137 2210 1055 2300; baseline 0.005 -24"><span class='ocrx_word' id='word_1_147' title='bbox 137 2210 395 2297; x_wconf 85' lang='lat' dir='ltr'><strong>impedimentum</strong></span> <span class='ocrx_word' id='word_1_148' title='bbox 419 2214 534 2298; x_wconf 80' lang='lat' dir='ltr'><strong>gratioe</strong></span> <span class='ocrx_word' id='word_1_149' title='bbox 558 2227 714 2300; x_wconf 85' lang='lat' dir='ltr'><strong>praestant</strong></span> <span class='ocrx_word' id='word_1_150' title='bbox 737 2211 850 2278; x_wconf 81' lang='lat' dir='ltr'><strong>auxilio</strong></span> <span class='ocrx_word' id='word_1_151' title='bbox 874 2235 930 2278; x_wconf 90' lang='lat' dir='ltr'><strong>suo</strong></span> <span class='ocrx_word' id='word_1_152' title='bbox 964 2235 1055 2300; x_wconf 85' lang='lat' dir='ltr'><strong>prae·</strong></span> 
     </span>
     <span class='ocr_line' id='line_1_23' title="bbox 138 2300 1053 2380; baseline 0.005 -16"><span class='ocrx_word' id='word_1_153' title='bbox 138 2300 231 2374; x_wconf 78' lang='lat' dir='ltr'><strong>venit,</strong></span> <span class='ocrx_word' id='word_1_154' title='bbox 254 2315 394 2367; x_wconf 79' lang='lat' dir='ltr'><strong>avertens</strong></span> <span class='ocrx_word' id='word_1_155' title='bbox 416 2322 499 2368; x_wconf 83' lang='lat' dir='ltr'><strong>eosa</strong></span> <span class='ocrx_word' id='word_1_156' title='bbox 524 2303 605 2367; x_wconf 84' lang='lat' dir='ltr'><strong>maio</strong></span> <span class='ocrx_word' id='word_1_157' title='bbox 630 2315 659 2366; x_wconf 89' lang='lat' dir='ltr'><strong>et</strong></span> <span class='ocrx_word' id='word_1_158' title='bbox 668 2315 855 2376; x_wconf 74' lang='lat' dir='ltr'><strong>‚convertens</strong></span> <span class='ocrx_word' id='word_1_159' title='bbox 868 2303 905 2367; x_wconf 83' lang='lat' dir='ltr'><strong>od</strong></span> <span class='ocrx_word' id='word_1_160' title='bbox 923 2302 1053 2380; x_wconf 82' lang='lat' dir='ltr'><strong>bouum3</strong></span> 
     </span>
     <span class='ocr_line' id='line_1_24' title="bbox 136 2389 1051 2460; baseline 0.01 -10"><span class='ocrx_word' id='word_1_161' title='bbox 136 2401 166 2453; x_wconf 89' lang='lat' dir='ltr'><strong>et</strong></span> <span class='ocrx_word' id='word_1_162' title='bbox 189 2389 267 2454; x_wconf 85' lang='lat' dir='ltr'><strong>sieut</strong></span> <span class='ocrx_word' id='word_1_163' title='bbox 290 2411 351 2454; x_wconf 91' lang='lat' dir='ltr'><strong>non</strong></span> <span class='ocrx_word' id='word_1_164' title='bbox 376 2410 485 2456; x_wconf 89' lang='lat' dir='ltr'><strong>omnes</strong></span> <span class='ocrx_word' id='word_1_165' title='bbox 518 2411 627 2456; x_wconf 83' lang='lat' dir='ltr'><strong>coenos</strong></span> <span class='ocrx_word' id='word_1_166' title='bbox 661 2390 815 2455; x_wconf 81' lang='lat' dir='ltr'><strong>illuminat</strong></span> <span class='ocrx_word' id='word_1_167' title='bbox 848 2411 904 2456; x_wconf 91' lang='lat' dir='ltr'><strong>nee</strong></span> <span class='ocrx_word' id='word_1_168' title='bbox 942 2413 1051 2460; x_wconf 88' lang='lat' dir='ltr'><strong>omues</strong></span> 
     </span>
     <span class='ocr_line' id='line_1_25' title="bbox 137 2476 1050 2568; baseline 0.01 -28"><span class='ocrx_word' id='word_1_169' title='bbox 137 2476 299 2562; x_wconf 79' lang='lat' dir='ltr'><strong>languidos</strong></span> <span class='ocrx_word' id='word_1_170' title='bbox 322 2492 418 2558; x_wconf 84' lang='lat' dir='ltr'><strong>sonat,</strong></span> <span class='ocrx_word' id='word_1_171' title='bbox 442 2493 475 2544; x_wconf 92' lang='lat' dir='ltr'><strong>ut</strong></span> <span class='ocrx_word' id='word_1_172' title='bbox 498 2493 528 2544; x_wconf 92' lang='lat' dir='ltr'><strong>et</strong></span> <span class='ocrx_word' id='word_1_173' title='bbox 551 2481 582 2544; x_wconf 90' lang='lat' dir='ltr'><strong>in</strong></span> <span class='ocrx_word' id='word_1_174' title='bbox 605 2479 664 2544; x_wconf 85' lang='lat' dir='ltr'><strong>iliis</strong></span> <span class='ocrx_word' id='word_1_175' title='bbox 687 2499 764 2566; x_wconf 91' lang='lat' dir='ltr'><strong>quos</strong></span> <span class='ocrx_word' id='word_1_176' title='bbox 787 2493 873 2544; x_wconf 81' lang='lat' dir='ltr'><strong>curat</strong></span> <span class='ocrx_word' id='word_1_177' title='bbox 895 2478 1050 2568; x_wconf 70' lang='lat' dir='ltr'><strong>opus‘vir·</strong></span> 
     </span>
     <span class='ocr_line' id='line_1_26' title="bbox 136 2565 1047 2654; baseline 0.01 -25"><span class='ocrx_word' id='word_1_178' title='bbox 136 2566 209 2631; x_wconf 86' lang='lat' dir='ltr'><strong>tutis</strong></span> <span class='ocrx_word' id='word_1_179' title='bbox 232 2565 298 2652; x_wconf 87' lang='lat' dir='ltr'><strong>ejus</strong></span> <span class='ocrx_word' id='word_1_180' title='bbox 321 2582 466 2654; x_wconf 83' lang='lat' dir='ltr'><strong>apparent</strong></span> <span class='ocrx_word' id='word_1_181' title='bbox 481 2583 511 2634; x_wconf 88' lang='lat' dir='ltr'><strong>et</strong></span> <span class='ocrx_word' id='word_1_182' title='bbox 533 2570 564 2634; x_wconf 95' lang='lat' dir='ltr'><strong>in</strong></span> <span class='ocrx_word' id='word_1_183' title='bbox 589 2569 654 2634; x_wconf 81' lang='lat' dir='ltr'><strong>aliis</strong></span> <span class='ocrx_word' id='word_1_184' title='bbox 678 2567 754 2633; x_wconf 87' lang='lat' dir='ltr'><strong>ordo</strong></span> <span class='ocrx_word' id='word_1_185' title='bbox 779 2582 905 2634; x_wconf 84' lang='lat' dir='ltr'><strong>naturae</strong></span> <span class='ocrx_word' id='word_1_186' title='bbox 944 2591 1047 2638; x_wconf 86' lang='lat' dir='ltr'><strong>serve·</strong></span> 
     </span>
     <span class='ocr_line' id='line_1_27' title="bbox 135 2657 1050 2745; baseline 0.009 -26"><span class='ocrx_word' id='word_1_187' title='bbox 135 2668 195 2733; x_wconf 89' lang='lat' dir='ltr'><strong>tur,</strong></span> <span class='ocrx_word' id='word_1_188' title='bbox 218 2657 264 2721; x_wconf 54' lang='lat' dir='ltr'><strong>itu*</strong></span> <span class='ocrx_word' id='word_1_189' title='bbox 281 2677 343 2722; x_wconf 93' lang='lat' dir='ltr'><strong>non</strong></span> <span class='ocrx_word' id='word_1_190' title='bbox 367 2677 475 2724; x_wconf 89' lang='lat' dir='ltr'><strong>omnes</strong></span> <span class='ocrx_word' id='word_1_191' title='bbox 498 2659 549 2745; x_wconf 89' lang='lat' dir='ltr'><strong>qui</strong></span> <span class='ocrx_word' id='word_1_192' title='bbox 567 2658 696 2743; x_wconf 78' lang='lat' dir='ltr'><strong>gratiam</strong></span> <span class='ocrx_word' id='word_1_193' title='bbox 734 2657 904 2743; x_wconf 90' lang='lat' dir='ltr'><strong>impediunt</strong></span> <span class='ocrx_word' id='word_1_194' title='bbox 938 2661 1050 2728; x_wconf 77' lang='lat' dir='ltr'><strong>auxilio</strong></span> 
     </span>
     <span class='ocr_line' id='line_1_28' title="bbox 136 2745 1052 2831; baseline 0.008 -23"><span class='ocrx_word' id='word_1_195' title='bbox 136 2763 193 2808; x_wconf 82' lang='lat' dir='ltr'><strong>suo</strong></span> <span class='ocrx_word' id='word_1_196' title='bbox 217 2746 374 2831; x_wconf 82' lang='lat' dir='ltr'><strong>praevenit</strong></span> <span class='ocrx_word' id='word_1_197' title='bbox 390 2761 423 2810; x_wconf 93' lang='lat' dir='ltr'><strong>ut</strong></span> <span class='ocrx_word' id='word_1_198' title='bbox 439 2762 614 2812; x_wconf 80' lang='lat' dir='ltr'><strong>evertuntur</strong></span> <span class='ocrx_word' id='word_1_199' title='bbox 637 2767 653 2810; x_wconf 82' lang='lat' dir='ltr'><strong>a</strong></span> <span class='ocrx_word' id='word_1_200' title='bbox 677 2745 812 2810; x_wconf 85' lang='lat' dir='ltr'><strong>mulnet</strong></span> <span class='ocrx_word' id='word_1_201' title='bbox 835 2763 1052 2816; x_wconf 81' lang='lat' dir='ltr'><strong>convertentur</strong></span> 
     </span>
     <span class='ocr_line' id='line_1_29' title="bbox 139 2832 1052 2922; baseline 0.011 -26"><span class='ocrx_word' id='word_1_202' title='bbox 139 2832 177 2896; x_wconf 83' lang='lat' dir='ltr'><strong>ed</strong></span> <span class='ocrx_word' id='word_1_203' title='bbox 201 2832 331 2912; x_wconf 90' lang='lat' dir='ltr'><strong>bonum,</strong></span> <span class='ocrx_word' id='word_1_204' title='bbox 350 2834 406 2900; x_wconf 91' lang='lat' dir='ltr'><strong>sed</strong></span> <span class='ocrx_word' id='word_1_205' title='bbox 430 2835 548 2922; x_wconf 82' lang='lat' dir='ltr'><strong>aiiquos</strong></span> <span class='ocrx_word' id='word_1_206' title='bbox 572 2837 602 2900; x_wconf 91' lang='lat' dir='ltr'><strong>in</strong></span> <span class='ocrx_word' id='word_1_207' title='bbox 627 2835 737 2921; x_wconf 88' lang='lat' dir='ltr'><strong>quibus</strong></span> <span class='ocrx_word' id='word_1_208' title='bbox 761 2835 825 2900; x_wconf 86' lang='lat' dir='ltr'><strong>vult</strong></span> <span class='ocrx_word' id='word_1_209' title='bbox 848 2855 936 2901; x_wconf 83' lang='lat' dir='ltr'><strong>suem</strong></span> <span class='ocrx_word' id='word_1_210' title='bbox 961 2841 1052 2906; x_wconf 89' lang='lat' dir='ltr'><strong>mise-</strong></span> 
     </span>
     <span class='ocr_line' id='line_1_30' title="bbox 136 2921 1055 3012; baseline 0.01 -27"><span class='ocrx_word' id='word_1_211' title='bbox 136 2921 301 2987; x_wconf 80' lang='lat' dir='ltr'><strong>ricordiam</strong></span> <span class='ocrx_word' id='word_1_212' title='bbox 325 2943 485 3010; x_wconf 80' lang='lat' dir='ltr'><strong>apparere,</strong></span> <span class='ocrx_word' id='word_1_213' title='bbox 506 2925 547 2992; x_wconf 81' lang='lat' dir='ltr'><strong>ite</strong></span> <span class='ocrx_word' id='word_1_214' title='bbox 571 2923 652 3012; x_wconf 89' lang='lat' dir='ltr'><strong>quod</strong></span> <span class='ocrx_word' id='word_1_215' title='bbox 677 2926 708 2988; x_wconf 90' lang='lat' dir='ltr'><strong>in</strong></span> <span class='ocrx_word' id='word_1_216' title='bbox 731 2922 797 2989; x_wconf 78' lang='lat' dir='ltr'><strong>aliis</strong></span> <span class='ocrx_word' id='word_1_217' title='bbox 817 2923 953 3011; x_wconf 82' lang='lat' dir='ltr'><strong>justitiae</strong></span> <span class='ocrx_word' id='word_1_218' title='bbox 976 2928 1055 2994; x_wconf 92' lang='lat' dir='ltr'><strong>ordo</strong></span> 
     </span>
     <span class='ocr_line' id='line_1_31' title="bbox 137 3009 1056 3100; baseline 0.012 -28"><span class='ocrx_word' id='word_1_219' title='bbox 137 3009 358 3078; x_wconf 79' lang='lat' dir='ltr'><strong>manifestetur.</strong></span> <span class='ocrx_word' id='word_1_220' title='bbox 383 3013 459 3078; x_wconf 88' lang='lat' dir='ltr'><strong>Hiue</strong></span> <span class='ocrx_word' id='word_1_221' title='bbox 482 3028 527 3080; x_wconf 93' lang='lat' dir='ltr'><strong>est</strong></span> <span class='ocrx_word' id='word_1_222' title='bbox 550 3013 633 3100; x_wconf 89' lang='lat' dir='ltr'><strong>quod</strong></span> <span class='ocrx_word' id='word_1_223' title='bbox 657 3012 818 3099; x_wconf 87' lang='lat' dir='ltr'><strong>Apostolus</strong></span> <span class='ocrx_word' id='word_1_224' title='bbox 851 3013 932 3080; x_wconf 89' lang='lat' dir='ltr'><strong>dioit:</strong></span> <span class='ocrx_word' id='word_1_225' title='bbox 973 3017 1056 3083; x_wconf 80' lang='lat' dir='ltr'><strong>Deus</strong></span> 
     </span>
     <span class='ocr_line' id='line_1_32' title="bbox 136 3099 1057 3186; baseline 0.011 -24"><span class='ocrx_word' id='word_1_226' title='bbox 136 3099 241 3164; x_wconf 79' lang='lat' dir='ltr'><strong>uolens</strong></span> <span class='ocrx_word' id='word_1_227' title='bbox 263 3103 425 3167; x_wconf 76' lang='lat' dir='ltr'><strong>ostendere</strong></span> <span class='ocrx_word' id='word_1_228' title='bbox 446 3103 528 3169; x_wconf 85' lang='lat' dir='ltr'><strong>t&#39;rom</strong></span> <span class='ocrx_word' id='word_1_229' title='bbox 552 3114 582 3168; x_wconf 87' lang='lat' dir='ltr'><strong>et</strong></span> <span class='ocrx_word' id='word_1_230' title='bbox 603 3113 708 3166; x_wconf 84' lang='lat' dir='ltr'><strong>notam</strong></span> <span class='ocrx_word' id='word_1_231' title='bbox 745 3102 848 3184; x_wconf 76' lang='lat' dir='ltr'><strong>faeere</strong></span> <span class='ocrx_word' id='word_1_232' title='bbox 884 3108 1057 3186; x_wconf 84' lang='lat' dir='ltr'><strong>potentium</strong></span> 
     </span>
     <span class='ocr_line' id='line_1_33' title="bbox 136 3191 1059 3280; baseline 0.011 -28"><span class='ocrx_word' id='word_1_233' title='bbox 136 3207 237 3266; x_wconf 81' lang='lat' dir='ltr'><strong>sunm,</strong></span> <span class='ocrx_word' id='word_1_234' title='bbox 260 3193 404 3256; x_wconf 75' lang='lat' dir='ltr'><strong>sustinuit</strong></span> <span class='ocrx_word' id='word_1_235' title='bbox 426 3193 457 3255; x_wconf 86' lang='lat' dir='ltr'><strong>in</strong></span> <span class='ocrx_word' id='word_1_236' title='bbox 480 3191 579 3256; x_wconf 82' lang='lat' dir='ltr'><strong>muita</strong></span> <span class='ocrx_word' id='word_1_237' title='bbox 602 3192 757 3276; x_wconf 84' lang='lat' dir='ltr'><strong>patientia</strong></span> <span class='ocrx_word' id='word_1_238' title='bbox 778 3213 856 3258; x_wconf 82' lang='lat' dir='ltr'><strong>noea</strong></span> <span class='ocrx_word' id='word_1_239' title='bbox 878 3194 946 3257; x_wconf 84' lang='lat' dir='ltr'><strong>irne</strong></span> <span class='ocrx_word' id='word_1_240' title='bbox 982 3207 1059 3280; x_wconf 84' lang='lat' dir='ltr'><strong>opta</strong></span> 
     </span>
     <span class='ocr_line' id='line_1_34' title="bbox 135 3277 1058 3366; baseline 0.011 -26"><span class='ocrx_word' id='word_1_241' title='bbox 135 3277 169 3341; x_wconf 89' lang='lat' dir='ltr'><strong>in</strong></span> <span class='ocrx_word' id='word_1_242' title='bbox 192 3277 365 3356; x_wconf 81' lang='lat' dir='ltr'><strong>interitum,</strong></span> <span class='ocrx_word' id='word_1_243' title='bbox 387 3290 422 3344; x_wconf 90' lang='lat' dir='ltr'><strong>ut</strong></span> <span class='ocrx_word' id='word_1_244' title='bbox 443 3281 616 3346; x_wconf 81' lang='lat' dir='ltr'><strong>ostenderet</strong></span> <span class='ocrx_word' id='word_1_245' title='bbox 639 3280 766 3346; x_wconf 75' lang='lat' dir='ltr'><strong>divitius</strong></span> <span class='ocrx_word' id='word_1_246' title='bbox 787 3283 906 3366; x_wconf 81' lang='lat' dir='ltr'><strong>pieriae</strong></span> <span class='ocrx_word' id='word_1_247' title='bbox 928 3303 1003 3348; x_wconf 79' lang='lat' dir='ltr'><strong>eune</strong></span> <span class='ocrx_word' id='word_1_248' title='bbox 1024 3285 1058 3350; x_wconf 84' lang='lat' dir='ltr'><strong>in</strong></span> 
     </span>
     <span class='ocr_line' id='line_1_35' title="bbox 135 3368 1057 3458; baseline 0.009 -27"><span class='ocrx_word' id='word_1_249' title='bbox 135 3385 214 3432; x_wconf 79' lang='lat' dir='ltr'><strong>ouen</strong></span> <span class='ocrx_word' id='word_1_250' title='bbox 250 3368 492 3447; x_wconf 79' lang='lat' dir='ltr'><strong>miserirordiae,</strong></span> <span class='ocrx_word' id='word_1_251' title='bbox 514 3390 594 3455; x_wconf 82' lang='lat' dir='ltr'><strong>quae</strong></span> <span class='ocrx_word' id='word_1_252' title='bbox 617 3372 824 3454; x_wconf 83' lang='lat' dir='ltr'><strong>praeparavit</strong></span> <span class='ocrx_word' id='word_1_253' title='bbox 846 3372 878 3436; x_wconf 84' lang='lat' dir='ltr'><strong>in</strong></span> <span class='ocrx_word' id='word_1_254' title='bbox 913 3373 1057 3458; x_wconf 81' lang='lat' dir='ltr'><strong>pierium,</strong></span> 
     </span>
     <span class='ocr_line' id='line_1_36' title="bbox 139 3454 426 3532; baseline 0.007 -12"><span class='ocrx_word' id='word_1_255' title='bbox 139 3454 239 3532; x_wconf 80' lang='lat' dir='ltr'><strong>Rom,</strong></span> <span class='ocrx_word' id='word_1_256' title='bbox 262 3457 294 3532; x_wconf 84' lang='lat'><strong>9,</strong></span> <span class='ocrx_word' id='word_1_257' title='bbox 316 3457 426 3522; x_wconf 56' lang='lat'>2225.</span> 
     </span>
    </p>

    <p class='ocr_par' dir='ltr' id='par_1_8' title="bbox 148 3543 1055 3642">
     <span class='ocr_line' id='line_1_37' title="bbox 148 3543 1055 3642; baseline 0.011 -31"><span class='ocrx_word' id='word_1_258' title='bbox 148 3575 151 3584; x_wconf 37' lang='grc' dir='ltr'>ν</span> <span class='ocrx_word' id='word_1_259' title='bbox 203 3543 281 3612; x_wconf 86' lang='lat' dir='ltr'><strong>Cum</strong></span> <span class='ocrx_word' id='word_1_260' title='bbox 305 3561 407 3614; x_wconf 79' lang='lat' dir='ltr'><strong>eutem</strong></span> <span class='ocrx_word' id='word_1_261' title='bbox 430 3546 515 3616; x_wconf 80' lang='lat' dir='ltr'><strong>Deus</strong></span> <span class='ocrx_word' id='word_1_262' title='bbox 538 3547 700 3616; x_wconf 88' lang='lat' dir='ltr'><strong>hominum</strong></span> <span class='ocrx_word' id='word_1_263' title='bbox 723 3549 776 3638; x_wconf 92' lang='lat' dir='ltr'><strong>qui</strong></span> <span class='ocrx_word' id='word_1_264' title='bbox 798 3549 829 3616; x_wconf 93' lang='lat' dir='ltr'><strong>in</strong></span> <span class='ocrx_word' id='word_1_265' title='bbox 853 3549 969 3618; x_wconf 74' lang='lat' dir='ltr'><strong>eid&#39;dem</strong></span> <span class='ocrx_word' id='word_1_266' title='bbox 982 3571 1055 3642; x_wconf 84' lang='lat' dir='ltr'><strong>peo-</strong></span> 
     </span>
    </p>
   </div>
   <div class='ocr_carea' id='block_1_8' title="bbox 0 0 1265 3968">
    <p class='ocr_par' dir='ltr' id='par_1_9' title="bbox 0 0 1265 3968">
     <span class='ocr_line' id='line_1_38' title="bbox 0 0 1265 3968; baseline 0 0"><span class='ocrx_word' id='word_1_267' title='bbox 0 0 1265 3968; x_wconf 95' lang='lat' dir='ltr'><strong> </strong></span> 
     </span>
    </p>
   </div>
  </div>
 </body>
</html>
