2514 3972
220 243 285 308 310
520 263 574 308 tro.
601 266 640 308 tu.
664 265 727 310 aar.
752 265 832 310 xcix.

219 336 265 416 gis
288 344 319 397 et
341 331 442 398 divina
466 335 559 398 virtus
583 334 699 419 absque
722 335 843 398 notione
873 353 1035 399 causarum
1052 353 1148 399 orea-

218 433 319 488 terum
343 434 442 508 potest
465 423 636 508 producere
659 423 799 508 proprios
822 421 947 487 effeetus
974 443 1093 489 earum.

285 511 317 576 Si
341 525 443 576 autem
467 512 534 595 quis
558 512 637 576 dieat
659 511 752 596 quod,
776 531 847 576 oum
880 511 1020 578 ordinem
1044 514 1144 578 istum

217 601 310 666 rebus
334 600 417 664 Deus
440 601 593 672 indiderit,
622 621 683 664 non
708 613 806 685 potest
830 620 899 664 esse
929 599 1044 687 absque
1068 621 1142 664 mu-

218 691 332 754 tatione
355 689 449 774 ipsius
474 702 506 752 ut
530 701 650 776 praeter
675 689 816 754 ordinem
830 689 947 774 abipso
964 689 1141 754 institutum

218 793 363 864 operetur
385 778 416 841 in
440 778 542 853 rebus,
566 777 690 842 effeetus
714 779 831 864 absque
869 777 1001 863 propriis
1037 779 1141 842 relisis

218 865 425 953 producendo,
448 887 484 931 ex
509 867 573 953 ipsa
597 887 701 930 rerum
737 881 845 930 nature
884 867 991 951 repelli
1026 879 1141 950 potest.

284 953 369 1020 Ordo
392 956 475 1020 enim
499 955 612 1018 inditus
636 955 726 1020 rebus
750 975 766 1019 a
792 955 857 1018 Deo
874 955 954 1040 (vel)
965 955 1141 1020 seeundum

216 1042 296 1108 idest
318 1043 402 1129 quod
425 1046 456 1108 in
481 1043 572 1108 rebus
596 1043 773 1128 frequenter
796 1043 935 1108 decidere
961 1045 1049 1122 solet‚
1074 1063 1139 1106 non

215 1147 318 1213 autem
343 1133 466 1219 ubique,
490 1133 538 1196 vel
561 1133 731 1196 secuudum
756 1131 786 1195 id
809 1131 894 1218 quod
917 1146 961 1196 est
998 1151 1138 1218 semper;

213 1221 309 1286 multa
347 1225 430 1287 enim
469 1221 653 1286 naturalium
688 1241 849 1285 causarum
889 1221 1015 1286 ellectus
1061 1241 1136 1285 suos

137 1387 141 1393 ⁵
213 1310 392 1394 producunt
408 1313 517 1374 eodem
543 1310 635 1374 modo
660 1323 693 1374 ut
715 1309 901 1394 frequentor,
940 1331 1002 1373 non
1028 1324 1134 1374 autem

213 1412 246 1462 ut
268 1419 403 1485 semper;
425 1421 496 1462 nem
521 1398 718 1484 quandoque,
742 1399 812 1462 linet
835 1411 867 1463 ut
881 1399 909 1461 in
924 1399 1133 1484 paucioribus,

212 1487 512 1566 attramentarium
537 1503 661 1573 propter
683 1486 836 1552 delectum
861 1487 978 1552 uirtutis
1014 1487 1137 1572 agentis

213 1576 412 1663 relspropter
434 1578 580 1641 materiae
618 1575 884 1662 indispositionem
923 1575 971 1640 vel
1008 1589 1137 1660 propter

213 1664 329 1749 aliquid
354 1665 460 1730 lortius
485 1686 589 1749 agens,
613 1665 691 1728 siout
714 1687 783 1728 oum
808 1679 916 1728 natura
941 1664 971 1728 in
1007 1665 1136 1728 homine

212 1767 340 1835 generet
363 1754 491 1839 digitum
516 1767 646 1818 sextum.
682 1753 749 1817 Non
774 1767 876 1817 tamen
912 1765 1044 1840 propter·
1075 1753 1136 1818 lroo

213 1841 315 1906 deficit
339 1856 390 1906 aut
414 1855 549 1906 mutatur
572 1841 782 1926 providentiae
805 1843 893 1918 ordo;
924 1863 995 1905 nem
1020 1853 1051 1905 et
1074 1841 1135 1906 hoo

212 1931 313 2015 ipsum
338 1931 419 2015 quod
444 1931 590 1995 naturalis
614 1931 690 1994 ordo
714 1933 868 1995 institutus
901 1929 1071 2010 seeundum
1097 1950 1134 1994 ea

213 2034 385 2104 quaesunt
409 2019 586 2104 frequenter
609 2020 794 2106 quandoque
817 2019 949 2097 deliciet,
965 2018 1132 2106 providen-

212 2109 272 2174 tiae
295 2110 399 2175 subest
422 2109 552 2172 divinae.
577 2108 608 2172 Si
632 2129 706 2192 ergo
731 2129 785 2194 per
811 2108 945 2192 aliquam
985 2108 1133 2172 virtutem

210 2211 344 2262 creatam
369 2197 436 2262 steri
460 2211 558 2282 potest
583 2211 614 2262 ut
639 2198 716 2261 ordo
749 2197 896 2262 naturalis
935 2209 1071 2260 mutetur
1094 2197 1134 2260 ab

209 2305 246 2350 eo
270 2287 352 2372 quod
377 2301 422 2352 est
444 2286 621 2370 frequenter
643 2285 724 2350 adid
748 2287 832 2371 qaod
855 2299 899 2349 est
915 2305 996 2361 raro,
1010 2283 1130 2369 absque

208 2379 378 2440 mutatione
402 2376 612 2461 providentiae
635 2375 766 2451 divinae,
791 2374 889 2440 multo
912 2374 1009 2457 tnagis
1025 2373 1130 2437 divina

208 2465 303 2527 virtus
326 2465 513 2550 quandoque
535 2463 648 2550 aliquid
673 2463 775 2527 laeere
813 2477 921 2549 potest,
955 2464 1022 2526 sine
1058 2483 1130 2548 pro

208 2551 360 2617 videmiae
383 2573 456 2617 suae
480 2552 678 2639 praejudicio,
706 2562 827 2636 praeter
862 2552 1002 2615 ordinem
1036 2563 1129 2615 natu·

208 2641 323 2706 relibus
347 2642 476 2706 inditum
502 2643 596 2706 rebus
620 2663 635 2704 a
660 2641 736 2705 Deo.
761 2641 825 2705 lloo
848 2641 929 2704 enim
963 2643 1063 2724 ipsum
1087 2639 1129 2704 ad

208 2751 282 2794 suae
307 2731 423 2795 virtutis
448 2730 724 2794 manifestationem
749 2728 819 2794 leoit
850 2729 1015 2802 interdum3
1037 2727 1129 2792 nullo

207 2819 290 2882 onim
314 2820 408 2884 modo
432 2819 541 2884 melius
580 2817 765 2882 manifestari
805 2830 903 2904 potest
940 2816 1025 2902 quod
1063 2829 1127 2880 tota

206 2921 314 2972 natura
339 2909 459 2972 divinae
482 2906 617 2991 subjecta
641 2921 687 2970 est
710 2905 856 2971 voluntati
880 2927 973 2992 quam
1004 2925 1041 2968 ex
1066 2905 1128 2970 hoe

205 2997 289 3080 quod
312 2996 498 3082 quandoque
521 2997 589 3081 lpse
614 3009 733 3082 praeter
756 2995 896 3059 ordinem
920 3009 1048 3058 naturae
1073 2993 1128 3057 ali·

203 3086 277 3170 quid
301 3101 456 3172 operatum
479 3105 515 3148 ex
548 3086 605 3148 hoe
645 3085 727 3148 enim
764 3096 891 3169 apparet
925 3082 1008 3168 quod
1047 3082 1128 3147 ordo

202 3171 305 3238 rerdm
330 3176 476 3260 prooessit
499 3194 515 3237 a
539 3173 617 3247 Deo,
647 3193 708 3236 riou
748 3193 802 3257 per
837 3173 1046 3238 necessitatem
1071 3191 1126 3235 na-

200 3275 296 3338 turae,
319 3263 372 3327 sed
398 3283 452 3349 per
475 3263 603 3326 liberam
628 3261 828 3325 voluntatem.

266 3353 327 3417 Neo
351 3351 442 3417 debet
465 3352 541 3415 haee
554 3351 630 3414 ratio
647 3348 752 3415 friuola
771 3350 916 3434 reputari,
933 3347 1016 3433 quod
1035 3346 1121 3414 Deus

201 3441 313 3523 aliquid
339 3439 408 3504 laoit
431 3443 462 3503 in
485 3454 594 3502 natura
619 3439 655 3502 ad
681 3440 739 3503 hoe
763 3439 845 3524 quod
869 3438 953 3502 Deus
976 3457 1009 3501 se
1033 3455 1121 3499 mon-

201 3517 458 3612 tibus'lrominum
483 3527 665 3607 manifestet,
677 3547 747 3591 oum
772 3547 863 3614 supra
881 3530 924 3612 (o.
940 3523 994 3605 tt)
1013 3537 1119 3589 osten-
