2514 3972
220 197 286 263 :tto
552 215 608 258 sm.
633 215 673 258 ru.
698 213 761 258 cur.
789 211 837 257 cu.

219 283 461 352 determinatum
486 295 588 348 actum
612 295 643 347 et
666 303 728 348 mm
752 280 791 372 pd
814 277 992 367 quemlibet,
1015 279 1055 344 ita
1073 299 1144 346 nort

222 385 323 462 petest
345 372 451 440 reduci
475 371 514 438 de
538 372 672 457 potentia
693 373 726 437 in
757 384 859 436 actum
898 367 1146 434 determinatum

222 463 280 530 nisi
303 482 358 549 per
381 481 475 546 agens
515 460 639 546 aliquod
673 461 926 528 determinatum.
962 458 1148 545 Requiritur
1234 539 1235 544 ἵ

222 553 307 618 euim
331 571 425 636 agens
447 549 656 618 diversimode
672 551 712 616 ad
735 546 948 616 reducendum
982 549 1014 612 in
1036 547 1149 612 diver-
1234 553 1235 616 Ῐ

222 661 293 706 sum
316 653 428 716 actum3
452 659 536 718 nam,
559 659 630 703 cum
654 659 706 706 aer
729 641 768 705 sit
791 639 822 702 in
845 636 979 723 potentia
1002 636 1083 722 ignis
1112 647 1151 700 et
1234 631 1235 694 ἶ

224 749 315 815 aqua,
339 729 399 795 alio
423 741 533 814 agente
557 726 591 792 lit
613 742 682 796 actu
712 726 791 813 ignis
831 724 942 791 etalio
966 746 1045 811 aqua
1079 724 1151 812 (l).
1234 719 1235 782 l

224 817 372 884 Similiter
394 818 488 884 etiam
513 829 595 902 patet
634 817 717 904 quod
742 815 871 882 materia
907 815 1076 900 corporalis
1113 814 1152 878 in

226 907 362 992 aliquem
386 919 498 980 actum;
539 903 709 992 perlectum
749 926 813 970 uon
847 902 1004 969 reducitur
1037 901 1151 968 asola

227 995 338 1060 uirtute
361 993 525 1060 universali
550 1008 671 1078 agente,
694 994 750 1060 sed
773 1005 894 1080 oportet
927 1011 994 1058 esse
1018 991 1153 1078 aliquod
1234 991 1235 1028 ³

227 1103 322 1169 agens
345 1083 505 1170 proprium
530 1104 585 1168 per
607 1084 692 1170 quod
725 1081 948 1148 determinetur
981 1080 1153 1168 impressio
1234 1079 1235 1112 l

229 1171 409 1238 universalis
433 1171 549 1238 uirtutis
572 1173 610 1238 ad
651 1172 888 1238 determinatum
922 1169 1078 1236 ellectum.
1111 1169 1153 1234 ln

229 1275 332 1326 aetum
357 1275 459 1326 autem
483 1261 585 1326 minus
609 1261 778 1350 perlectum
803 1271 905 1346 potest
926 1261 1054 1324 materia
1077 1278 1155 1324 cor-

231 1349 343 1437 poralis
367 1349 431 1414 sola
471 1351 581 1414 virtute
619 1349 782 1416 universali
821 1348 938 1434 absque
972 1346 1154 1439 particulari

230 1452 350 1522 agente.
367 1437 516 1503 Animalia
539 1438 622 1504 enim
646 1437 780 1524 perlaeta
817 1457 879 1502 non
916 1437 1018 1502 solum
1056 1455 1156 1520 gene·

231 1541 341 1594 rantur
364 1547 402 1592 ex
424 1527 489 1592 sola
512 1527 626 1592 uirtute
650 1527 784 1605 caelesti,
807 1526 862 1591 sed
892 1523 931 1590 ad
954 1527 1012 1591 hoc
1046 1525 1155 1609 requi·
1218 1567 1223 1583 .

235 1617 312 1682 ritur
334 1615 573 1695 determinatum
597 1636 715 1695 semcn3
752 1615 790 1681 ad
814 1615 1047 1700 generationem
1077 1633 1156 1678 uero

236 1703 443 1790 quorumdam
467 1703 717 1790 imperfectorum
748 1703 928 1770 animalium
952 1703 1017 1768 sola
1055 1702 1158 1778 uirtus,

236 1793 374 1858 caelestis
397 1791 508 1858 sullicit
531 1793 597 1859 sine
620 1795 748 1860 semine.
772 1793 901 1858 Etlectus
924 1793 1016 1877 igitur
1044 1792 1100 1878 qui
1124 1791 1157 1855 in

238 1881 286 1946 lris
310 1879 506 1947 inferioribus
540 1883 627 1960 frunt,
665 1883 690 1946 si
711 1884 771 1948 sint
808 1882 871 1946 nati
893 1880 961 1946 fieri
999 1902 1016 1946 a
1054 1880 1158 1945 causis

241 1969 464 2034 universalibus
479 1971 700 2056 superioribus,
711 1972 778 2036 sine
800 1971 980 2056 operatione
990 1989 1158 2036 canaram

239 2057 469 2144 particularium
494 2057 686 2138 inferiorum,
707 2080 770 2124 nou
795 2071 840 2125 est
862 2059 1045 2124 miraculum
1070 2058 1160 2124 sisic

240 2147 326 2225 liant,
354 2148 435 2213 sicut
457 2168 519 2212 uon
544 2162 589 2213 est
612 2148 796 2214 miraculum
823 2146 908 2233 quod
941 2147 1086 2213 animalia
1122 2165 1161 2210 ex

242 2235 466 2322 putrefactione
489 2235 556 2301 siue
579 2241 697 2302 semiue
720 2250 895 2312 nascantur;
918 2237 941 2301 si
966 2250 1070 2302 autem
1095 2255 1161 2300 non

240 2339 313 2390 sunt
337 2326 398 2390 nati
420 2324 487 2388 lieri
512 2347 567 2412 per
590 2326 670 2391 solas
696 2345 804 2390 causas
837 2326 1021 2410 superiores,
1054 2325 1161 2410 requi·

243 2426 353 2478 cuntur
379 2413 418 2476 ad
443 2433 551 2478 eorum
575 2415 837 2502 complementum
861 2433 972 2480 causae
995 2412 1164 2480 inferiores

243 2500 453 2588 particulares.
477 2501 555 2568 Cum
579 2517 682 2569 autem
706 2502 815 2589 aliquis
837 2501 964 2569 effectus
979 2502 1164 2591 producitur

244 2590 283 2656 ab
324 2589 426 2676 aliqua
463 2611 557 2657 causa
579 2591 741 2677 superiori,
775 2590 982 2658 mediantibus
1027 2590 1165 2678 propriis

243 2679 410 2766 principiis,
433 2699 496 2744 nou
519 2694 566 2745 est
589 2681 782 2747 miraculum.
816 2678 907 2744 Nullo
940 2681 1033 2766 igitur
1066 2677 1166 2744 modo

244 2770 355 2834 uirtute
395 2768 590 2854 superiorum
629 2783 840 2836 creaturarum
874 2769 975 2857 aliqua
1013 2767 1168 2834 miracula

243 2857 316 2924 lieri
341 2871 478 2945 possunt.
582 2911 584 2918 ,

312 2947 462 3034 Amplius,
485 2943 629 3030 Ejusdem
663 2945 788 3012 rationis
818 2965 887 3012 esse
920 2946 1042 3012 videtur
1081 2943 1170 3030 quod

246 3035 361 3122 aliquid
385 3049 530 3122 operetur
553 3056 590 3100 ex
612 3035 761 3120 subjecto,
784 3047 814 3100 et
837 3034 921 3121 quod
955 3046 1102 3124 operetur
1139 3032 1173 3097 id

245 3124 283 3196 ad
307 3123 391 3210 quod
413 3137 458 3188 est
480 3123 512 3188 in
553 3125 687 3211 potcutia
721 3123 906 3209 subjectum,
928 3139 955 3189 et
980 3121 1174 3210 quodomi-

242 3226 316 3278 nate
339 3225 488 3299 operetur
511 3232 566 3300 per
589 3211 791 3279 determinata
815 3213 928 3292 media3
952 3233 1025 3281 nam
1047 3209 1172 3296 subjec-

281 3353 321 3420 (Ι)
338 3353 394 3419 llic,
416 3353 483 3406 sicut
499 3357 525 3403 et
542 3352 570 3403 in
588 3351 746 3422 quibusdam
766 3351 822 3404 aliis
849 3351 919 3419 locis,
948 3367 1174 3422 supervacaneum

244 3431 285 3478 est
316 3425 440 3477 adnotare
469 3423 541 3492 quod
559 3423 585 3475 S.
604 3423 728 3494 Thomas,
751 3438 784 3476 ex
812 3422 922 3492 physica
951 3431 1016 3479 tunc
1047 3425 1172 3495 temporis

244 3501 376 3564 usurpata
399 3493 524 3563 loquitur.
