2514 3972
212 213 278 278 ebo
515 231 572 274 tto.
594 229 634 273 tn.
660 227 722 273 aar.
746 203 835 272 reru.

208 299 378 366 seeundum
403 299 485 386 quoti
508 312 554 364 est
584 311 653 362 aotu
675 299 689 379 (
702 317 781 383 quae
815 295 897 361 enim
921 308 993 361 sunt
1015 298 1045 362 in
1070 319 1131 385 po·

209 391 314 466 tentia,
337 388 507 454 secuudum
531 387 614 473 qdod
631 385 808 472 hujusmodi
826 386 1022 452 inveniuntur
1033 389 1131 452 aetio-

210 479 257 543 nis
280 478 442 567 expertia)
466 490 512 541 est
548 489 649 540 autem
687 474 930 561 unumquodque
963 495 1019 540 ens
1057 491 1131 541 actu

209 588 264 652 per
290 566 432 644 sormam,
467 578 586 651 oportet
616 563 700 650 quod
735 565 871 650 operatio
904 564 948 630 rei
983 579 1134 651 sequatur

208 656 340 722 sormam
362 655 464 740 ipsius.
488 653 619 740 Oportet
639 673 713 736 ergo
736 652 830 738 quod,
865 653 889 718 si
905 655 965 718 sint
987 653 1130 718 diuersae

209 744 336 822 formae,
366 743 498 808 habeant
533 742 666 806 diversas
701 742 904 826 operationes.
938 743 1019 824 Quia
1053 761 1131 807 veto

209 855 264 918 per
288 834 443 918 propriam
467 833 619 896 astionem
643 851 691 894 res
713 830 871 915 quaelibet
905 832 943 896 ad
967 831 1131 917 proprium

208 922 302 986 finem
327 922 478 1006 pertingit,
510 939 634 984 neeesse
658 932 702 982 est
742 932 772 982 et
795 923 935 1006 proprios
973 921 1049 985 tines
1085 919 1131 983 dt-

210 1009 375 1076 versificari
398 1009 428 1072 in
454 1009 555 1087 rebus,
577 1008 717 1094 quamtis
742 1008 780 1072 sit
805 1007 874 1073 dinis
890 1009 1130 1074 ultimusomni-

213 1100 270 1164 bus
293 1099 476 1164 eommunis.

220 1209 222 1211 ·
275 1187 418 1273 Sequitur
440 1187 532 1270 etiam
557 1205 594 1250 ex
617 1184 791 1250 diversitate
815 1184 984 1252 formarum
1007 1186 1129 1252 diversa

161 1325 162 1328 η
211 1277 357 1342 habitudo
385 1277 531 1340 materiae
554 1275 593 1338 ad
616 1294 675 1340 res.
709 1273 788 1338 Cum
813 1277 895 1339 enirn
930 1275 1048 1341 formae
1083 1277 1130 1340 di-

211 1385 317 1430 versae
352 1367 411 1429 sint
449 1364 619 1429 seeundum
654 1361 737 1448 quod
771 1364 923 1447 quaedam
957 1379 1028 1430 sunt
1061 1364 1131 1429 aliis

146 1454 149 1460 '
212 1453 419 1541 perfectiores,
442 1467 512 1518 sunt
535 1453 615 1520 inter
638 1471 688 1515 eas
712 1451 832 1536 aliquae
856 1453 1006 1518 intantum
1031 1453 1133 1540 perie-

211 1557 278 1608 etae
301 1543 384 1629 quod
408 1555 478 1608 sunt
500 1562 555 1628 per
575 1561 610 1606 se
634 1540 832 1605 subsistentes
869 1555 898 1608 et
922 1543 1067 1628 perfecte,
1092 1541 1133 1606 ad

211 1632 288 1696 nibil
314 1632 484 1716 indigentes
507 1629 654 1694 materiae
678 1628 870 1706 iuieiment03
892 1632 1044 1716 quaedam
1058 1651 1134 1696 vero

212 1741 322 1808 perse
347 1720 479 1807 perieete
514 1719 679 1783 subsistere
706 1737 767 1780 non
791 1735 929 1804 possunt,
952 1721 1006 1784 sed
1031 1733 1128 1785 mate·
1242 1775 1243 1806 q

212 1812 290 1874 riam
315 1831 369 1895 pro
396 1807 599 1874 fundamento
633 1806 803 1890 requirunt,
826 1821 859 1872 ut
881 1809 925 1873 sie
948 1809 1023 1874 iliud
1046 1809 1134 1894 quod
1242 1807 1243 1842 i

212 1897 347 1962 subsistit
371 1897 493 1962 nonsit
517 1895 614 1960 forma
638 1906 757 1959 tanturn
781 1915 838 1960 neo
862 1901 988 1962 materia
1001 1912 1134 1975 tantum,

212 2007 292 2072 quae
315 2005 370 2072 per
391 2007 424 2050 se
448 2005 510 2050 non
533 1997 578 2048 est
601 2004 656 2048 ens
679 1997 759 2060 artu,
781 1986 835 2048 sed
865 1988 1070 2074 compositum
1095 2007 1135 2051 ex

213 2090 353 2160 utroque.
377 2075 443 2140 Non
468 2087 569 2138 autem
604 2085 729 2159 possent
751 2074 878 2138 materia
901 2089 930 2140 et
968 2075 1068 2139 iorma
1093 2075 1134 2139 ad

213 2165 327 2251 aiiquid
352 2185 447 2230 unum
475 2161 721 2227 constituendum
755 2163 932 2242 contenire,
969 2165 1026 2229 nisi
1050 2177 1135 2228 esset

213 2255 313 2338 aliqua
338 2253 494 2340 proportio
528 2254 607 2314 iuter
630 2271 675 2314 ea.
711 2251 742 2315 Si
766 2264 869 2316 autern
900 2253 1134 2338 proportionata

212 2355 332 2428 oportet
355 2362 390 2406 ea
414 2361 490 2414 esse,
526 2359 650 2403 neeesse
674 2353 720 2404 est
749 2339 833 2425 quod
857 2340 983 2406 diversis
1022 2340 1135 2406 iormis
1242 2349 1243 2364 ³

213 2431 350 2495 diversae
383 2430 530 2494 materiae
554 2428 767 2512 respondeant.
793 2428 879 2492 Unde
912 2431 946 2494 tit
976 2443 1010 2494 ut
1038 2449 1136 2515 quae-

214 2519 284 2584 dam
310 2517 407 2583 forma
432 2520 567 2603 requirat
590 2519 751 2582 materiam
773 2517 955 2603 simpiieem,
977 2519 1135 2612 quaedam

214 2629 286 2673 tero
311 2609 470 2671 materiam
504 2606 717 2690 compositam3
740 2621 779 2682 et,
803 2607 974 2672 seeundum
996 2608 1136 2672 diversas

214 2697 338 2773 formae,
368 2696 520 2760 diversam
558 2693 689 2781 partiunt
720 2697 974 2780 compositionem
1012 2710 1136 2783 oportet
1242 2725 1243 2728 ¹

135 2787 144 2794 ’
213 2807 280 2851 esse
305 2798 526 2870 congruentem
551 2783 589 2848 ad
613 2783 746 2870 speeiem
770 2783 888 2850 formae
909 2799 940 2850 et
956 2784 1020 2872 (ad
1035 2787 1135 2873 >ope-

214 2876 363 2940 rationem
388 2875 492 2960 ipsius.
987 2887 990 2892 '

280 2964 320 3028 Etr
344 2963 463 3028 diversa
493 2975 594 3026 autent
630 2961 812 3026 habitudine
835 2961 874 3027 ad
898 2963 1058 3028 materiam
1084 2982 1135 3026 se-

213 3053 316 3140 quitur
342 3053 499 3117 diversitas
523 3051 678 3134 agentium
701 3063 733 3114 et
749 3051 937 3136 potientium.
954 3052 1031 3118 Cum
1048 3051 1134 3116 enim

213 3155 282 3227 agat
307 3140 550 3225 unumquodque
574 3141 691 3205 ratione
728 3138 857 3218 iuratae,
892 3141 1024 3228 patiatur
1056 3159 1132 3205 tero

213 3247 243 3296 et
277 3243 436 3295 moveator
470 3229 589 3294 ratione
623 3229 782 3312 materiae,
812 3243 933 3315 oportet
965 3228 1048 3316 quod
1081 3228 1134 3292 itta

212 3340 349 3407 quorum
373 3318 490 3383 iorntae
513 3331 584 3382 sunt
609 3317 806 3405 perfectiores
844 3331 874 3382 et
911 3319 1012 3384 minus
1036 3331 1134 3382 mate-

214 3410 304 3474 riales
329 3419 421 3492 agant
444 3407 475 3470 in
500 3406 550 3470 illa
586 3419 758 3493 quaesunt
791 3409 889 3490 magis
912 3406 1080 3473 materialia
1103 3419 1134 3470 et

163 3577 165 3584 A
214 3517 347 3584 quorum
371 3495 490 3560 formae
514 3507 585 3560 sunt
607 3493 857 3583 imperfectiores.
