2452 3970
219 246 281 312 ld‘l
403 260 404 264 ’
448 236 509 311 tro.
531 245 573 310 rtrss
598 261 753 311 mmmm.
778 241 900 324 arftxr.

214 338 317 422 (text.
341 354 454 400 comm.
478 333 544 421 l),-
574 335 651 400 ordo
674 349 776 400 autem
810 355 915 400 return
941 331 1136 413 'creatarum

218 422 389 491 secundum
427 423 653 490 distinctionem
690 437 869 489 naturarum
907 437 938 488 et
976 421 1132 509 graduum

213 514 360 599 ipsarum,
368 513 511 599 »procedit
533 533 570 580 ctt
594 513 694 577 divina
709 513 867 599 sapientia,
880 513 958 578 sicut
973 527 1132 579 ostensum

213 615 259 666 est
282 603 332 688 (l.
355 603 388 680 2,
410 623 436 667 e.
460 601 543 687 at).
568 603 647 680 Ergo
671 617 700 667 et
732 601 809 666 ordo
843 603 1040 688 operationis,
1076 623 1131 688 per

212 711 305 777 quam
328 711 378 758 res
401 706 521 757 creatae
536 691 642 777 magis
655 691 901 778 appropinquant
925 691 967 772 ad
988 691 1132 756 ultimum

213 781 308 846 linem
332 781 394 865 (l).
430 778 580 845 Ordinare
603 793 705 844 autem
721 779 864 844 ‘actiones
888 779 1061 865 aliquarum
1086 800 1133 844 re-

212 889 283 934 rum
307 869 346 933 ad
369 869 463 934 linem
486 883 532 934 cst
555 869 729 952 gubernare
753 870 842 956 ipsas.
867 867 951 952 Deus
967 869 1060 952 igitur
1077 889 1133 954 per

155 1039 158 1045 Ι
213 979 288 1022 suae
311 958 478 1043 sapientiae
508 957 732 1044 prouidentiam
757 956 851 1022 rebus
874 957 1133 1041 gubernationem

213 1063 244 1112 et
267 1047 405 1130 regimen
430 1060 571 1133 praestat.
745 1096 746 1102 κ

277 1135 354 1200 Hinc
381 1148 426 1200 est
461 1136 544 1220 quod
575 1135 734 1219 Scriptura
769 1134 885 1198 Deum¹
905 1131 1077 1203 Dominum
1102 1147 1132 1198 et

211 1225 326 1310 Regem
351 1224 519 1310 profitetur,
541 1224 712 1289 secundum
737 1223 822 1291 illud:
839 1223 1068 1306 Dominusipae
1085 1234 1133 1287 eat

208 1315 303 1392 Deae,
327 1313 450 1392 Psalm,
474 1313 537 1392 99,
561 1314 591 1390 3;
620 1315 756 1398 etitem:
792 1313 858 1376 liert
891 1313 992 1376 omnic
1027 1323 1130 1376 terrae

208 1404 303 1482 Deua,
327 1402 451 1478 Psalm,
474 1401 581 1478 ld,'8.
605 1402 696 1485 Regis
719 1401 802 1470 euim
827 1408 919 1478 estet
934 1400 1059 1465 Domini
1073 1421 1131 1465 sno

208 1492 340 1579 imperio
360 1512 471 1576 regere
501 1505 542 1557 et*
565 1491 739 1575 gubernare
775 1489 942 1576 subjectos
983 1489 1066 1553 uode
1102 1503 1133 1552 et

209 1602 313 1646 rerum
351 1601 476 1646 cursum
515 1601 600 1645 sacra
634 1579 790 1664 Scriptura
829 1579 934 1643 divino
965 1593 1132 1665 praecepto

209 1671 363 1736 adscribit:
390 1669 449 1749 Qui
470 1669 623 1753 praecipit
645 1669 714 1742 sorti,
727 1680 757 1732 et
770 1687 830 1732 aon
847 1669 959 1738 oritur:
975 1678 1006 1730 et
1020 1668 1131 1732 atellae

211 1760 331 1825 clandit
351 1760 441 1843 qnasi
455 1757 511 1822 sub
523 1758 690 1842 sipnocnlo,
704 1757 767 1822 ton
779 1755 810 1833 9,
825 1758 856 1834 7;
870 1765 910 1828 et':
928 1753 1132 1839 Praeceptum

115 1917 117 1926 ,
208 1851 323 1930 poscit,
347 1859 376 1910 ct
396 1867 458 1910 aaa
479 1845 674 1928 praeteribit,
698 1846 822 1915 Psalm..
847 1845 921 1919 tta,
944 1845 975 1910 6.

276 1937 334 2000 Per
357 1936 416 1999 hoc
439 1949 542 2000 autem
567 1934 740 1998 excluditur
763 1955 850 1998 error
862 1936 1060 2020 antiquorum
1075 1953 1133 1996 na-

188 2025 353 2105 turalium
377 2023 440 2110 (ἢ),
474 2024 526 2109 qui
561 2022 704 2088 dicebant
737 2025 840 2088 omnia
875 2043 913 2088 ex
948 2023 1132 2087 necessitate

209 2115 355 2179 materiae
379 2119 552 2199 provenire
575 2131 612 2175 ex
625 2133 686 2198 quo
700 2112 887 2198 sequebatur
902 2112 1006 2176 omnia
1023 2131 1040 2175 a
1056 2130 1131 2176 casu

209 2202 359 2282 accidere,
381 2215 411 2266 et
433 2221 495 2266 non
520 2222 557 2266 ex
576 2200 683 2286 ‘aliquo
704 2200 915 2288 providentiae
937 2200 1059 2266 ordine.

522 2345 691 2443 catur
730 2378 816 2444 uxr.

277 2736 317 2800 lix
343 2736 401 2799 boc
425 2746 528 2799 autem
552 2732 635 2818 qnod
659 2733 742 2798 Deus
765 2753 814 2798 res
850 2753 904 2797 sua
935 2732 1130 2818 providentia
1215 2811 1216 2814 Ἴ

211 2828 299 2910 regit,
323 2822 566 2910 sequiturquod
591 2827 669 2908 (eas)
693 2823 723 2886 in
748 2838 815 2886 esse
838 2834 1008 2886 conservet.

276 2913 320 2978 Ad
360 2911 616 2997 gubernationem
660 2912 742 2975 enim
782 2911 956 2995 aliquorum
999 2908 1132 2996 pertinet
1215 2965 1216 2986 ἶ

209 3023 302 3069 omne
326 3000 401 3066 illud
425 3020 481 3086 per
507 2999 590 3086 qnod
628 3020 718 3064 suum
754 2999 847 3063 tinem
886 3010 1130 3085 consequentum
1215 3005 1216 3022 ¹

207 3091 377 3158 secundum
402 3089 462 3153 hoc
485 3089 576 3154 etiam
601 3089 701 3174 aliqua
726 3089 792 3172 regi
817 3087 864 3152 vel
891 3088 1058 3170 gubernari
1083 3085 1129 3149 di-

205 3196 318 3248 cuntur
339 3177 423 3265 quod
446 3178 629 3243 ordinantur
658 3179 688 3242 in
713 3177 817 3242 finem.
845 3177 877 3240 ln
902 3176 997 3242 finem
1021 3188 1127 3242 antem
1215 3239 1216 3250 ,

361 2557 455 2638 Quod
478 2556 563 2621 Dens
585 2567 746 2620 coacervat
767 2577 818 2620 rea
840 2556 873 2620 in
896 2576 971 2620 eaae.

1215 2753 1216 2806 l

1215 2819 1216 2852 l

259 3334 297 3404 (l)
317 3333 415 3404 Supplc
431 3334 549 3401 procedit
566 3349 598 3385 cc
616 3334 706 3384 divina
729 3334 868 3400 sapientia.

260 3405 298 3474 (⁹2)
316 3404 491 3474 Empedocles,
511 3409 575 3456 teste
594 3403 731 3456 Aristotele
750 3403 857 3474 (prpe,
875 3403 892 3454 l.
910 3401 937 3470 2,
955 3409 1124 3456 textccmm.

206 3478 269 3544 at),
288 3484 314 3529 et
332 3477 349 3528 ii
367 3477 412 3545 qui
430 3475 511 3528 solam
529 3476 690 3528 materialem
708 3491 812 3528 causam
830 3481 971 3543 noverunt3
984 3475 1126 3548 dequibus

207 3551 241 3605 ti.
258 3547 418 3616 Metapttps,
438 3547 454 3599 l.
476 3545 500 3616 l,
519 3564 540 3601 e.
559 3543 585 3597 l.
