2452 3970
225 197 288 262 tau
474 217 531 260 tro.
553 215 594 258 ιιι.
619 213 681 260 cnr.
699 216 753 259 ιιι.
777 214 817 258 ur
835 215 879 260 ιιι.

220 288 303 350 enim
327 298 357 348 ει
379 285 527 350 terminus
551 295 597 348 εει
619 282 717 350 forma
734 285 758 370 );
780 281 835 348 sed
863 280 982 348 'dicitur'
1005 281 1149 349 infinitus

220 373 372 458 negative,
394 374 478 459 quasi
503 372 602 438 forma
626 393 681 460 per
703 393 736 438 se
765 372 943 450 subsistens,
978 392 1040 437 nou
1065 371 1151 438 iimi-

218 476 278 528 tata
302 483 357 547 per
380 463 539 527 materiam
563 461 774 548 recipientem3
804 461 887 526 uude
911 459 994 545 quod
1033 463 1079 526 sie
1102 473 1151 526 est

218 551 371 616 infinitum
396 552 530 616 maxime
552 551 760 632 cognoscibile
782 563 828 616 εει
860 549 1034 616 seeundum
1056 571 1102 616 se.

283 640 445 727 proportio
469 653 571 704 autem
595 639 765 706 intellectus
803 639 896 704 creati
935 652 981 703 est
1018 639 1151 726 quidem

219 729 257 794 ad
281 729 381 794 Deum
407 727 652 812 intelligendum,
676 749 738 794 uon
777 727 949 794 secundum
987 749 1152 794 commen·

217 819 406 884 serationem
430 818 564 902 aliquam
591 819 789 906 proportione
826 817 985 894 existente,
1021 817 1077 882 sed
1101 837 1153 882 se·
1214 861 1215 868 ι

185 905 352 972 ‘cundum
376 906 459 992 quod
484 909 642 992 proportio
665 906 816 992 significat
847 925 1077 993 quamcumque
1093 906 1151 970 ba-

217 996 387 1062 bitudinem
412 995 502 1060 unius
525 994 564 1060 ad
600 996 741 1076 aiterum,
775 996 823 1062 tel
847 995 993 1062 materiae
1015 996 1053 1060 ad
1082 995 1149 1061 ior-

217 1105 299 1148 mam
324 1084 371 1148 vei
395 1103 506 1149 causae
529 1083 568 1148 ad
591 1083 746 1164 effectum3
770 1087 814 1150 sic
851 1085 935 1149 enim
959 1084 1036 1150 nihil
1074 1105 1151 1171 pro-

216 1171 301 1237 bibet
323 1193 390 1240 esse
412 1173 642 1260 proportionem
665 1188 824 1240 creaturae
847 1173 885 1238 ad
908 1172 1010 1239 Deum
1033 1193 1148 1240 secun-

218 1261 291 1326 dum
316 1261 530 1327 babitudinem
556 1262 757 1348 intelligentis
780 1263 818 1328 ad
843 1261 1044 1337 intellectum,
1065 1263 1150 1328 sicut

217 1364 246 1414 et
270 1351 440 1416 secuudum
466 1351 678 1416 habitudinem
702 1351 830 1417 eiieetus
854 1351 892 1417 ad
922 1371 992 1418 cam
1008 1372 1149 1419 causam.

217 1437 303 1505 Unde
319 1453 401 1527 patet
423 1439 535 1506 solutio
558 1455 662 1506 sextae
685 1439 878 1528 objectionis.
943 1467 945 1474 ¹

539 1617 723 1684 CAPUT
760 1618 819 1684 LV.

304 1797 393 1876 Quod
413 1797 586 1862 intellectus
608 1809 730 1862 crentur
751 1816 813 1862 non
827 1797 1057 1882 comprehcndit

508 1887 647 1952 diuinum
676 1888 849 1952 essentium.

281 2063 359 2145 Quia
383 2081 456 2128 uero
494 2063 657 2149 cujuslibet
696 2064 824 2129 actionis
861 2063 972 2130 modus
1006 2062 1149 2150 sequitur

215 2151 386 2219 esiicaoiam
410 2153 499 2216 activi
523 2153 663 2240 principii
687 2153 816 2239 (magis
839 2154 922 2219 enim
945 2151 1085 2217 calefacit
1109 2152 1144 2216 id

214 2242 301 2326 eujus
324 2241 408 2306 calor
430 2242 594 2307 virtuosior
616 2255 662 2306 est
676 2241 702 2326 ),
725 2255 846 2328 oportet
869 2241 1060 2328 quodetiam
1074 2261 1146 2304 mn·

214 2331 271 2395 dus
294 2330 475 2414 cognitionis
498 2343 645 2415 sequntur
666 2329 835 2396 efficaciam
860 2330 998 2416 principii
1021 2350 1140 2415 cogno-

212 2418 328 2484 scendi.
353 2418 470 2483 Lumen
493 2433 596 2486 antem
619 2417 809 2504 praedictum
833 2434 878 2484 est
908 2419 1067 2505 quoddam
1092 2417 1140 2482 di·

214 2511 302 2573 vinae
325 2508 506 2592 cognitionis
528 2509 725 2594 principium,
747 2528 818 2573 cum
857 2529 912 2595 per
949 2509 1050 2596 ipsum
1074 2507 1139 2572 εΙε-

212 2611 301 2662 vetur
322 2595 492 2662 intellectus
525 2611 645 2662 creatus
682 2596 721 2660 ad
759 2597 896 2662 divinam
932 2597 1139 2664 substantiam

211 2687 385 2752 videndam.
409 2683 538 2772 Oportet
559 2687 652 2770 igitur
672 2685 756 2771 quod
786 2686 897 2751 modus
934 2687 1058 2752 diuinae
1094 2687 1139 2749 ui·
1214 2719 1215 2722 ι

210 2778 305 2842 sionis
327 2786 593 2840 commensuretur
617 2775 716 2840 virtuti
740 2775 887 2860 praedicti
916 2775 1052 2841 lumime.
1077 2775 1138 2839 Lu-

211 2886 284 2930 men
307 2876 409 2930 autem
434 2862 624 2948 praedictum
648 2863 780 2928 muitum
803 2864 906 2930 deficit
928 2865 958 2929 in
983 2866 1097 2930 virtute
1119 2884 1137 2928 a

212 3043 309 3108 iectus
332 3043 370 3107 sit
392 3039 520 3117 infinita,
543 3040 648 3105 lumen
672 3055 776 3106 auteur
805 3042 884 3107 istud
909 3042 1042 3122 finitum,
1064 3043 1136 3128 quia
1214 3107 1215 3110 ,

213 3131 358 3217 recipitur
380 3130 411 3194 in
435 3130 603 3195 substantia
627 3129 723 3195 bnitn.
764 3130 954 3218 impossibiie
976 3145 1023 3197 est
1046 3133 1139 3216 igitur
1214 3177 1215 3204 r

212 3220 307 3306 quod,
329 3241 384 3305 per
413 3217 589 3302 hujusmodi
627 3217 743 3298 iumen,
780 3220 821 3284 ita
860 3219 996 3308 perfecte
1033 3220 1136 3286 divina
1214 3221 1215 3280 ι

211 3309 378 3374 substantia
402 3307 542 3372 videatur
563 3307 641 3373 sicut
664 3327 734 3374 eam
763 3308 846 3374 videt
883 3308 1056 3376 intellectus
1090 3309 1136 3374 di·

212 3401 310 3462 uinus.
334 3396 506 3461 intellectus
529 3412 633 3461 autem
656 3396 778 3463 divinus
810 3398 1013 3464 substantium
1052 3399 1136 3464 iiiam

212 3487 295 3551 ridet
317 3487 356 3550 ita
382 3483 516 3571 perfecte
538 3486 616 3550 siout
639 3484 775 3572 periente
797 3487 923 3570 visibilis
945 3503 1001 3566 est;
1026 3490 1142 3554 veritas
