2514 3972
224 195 290 284 582
534 227 590 272 ato.
616 227 657 274 tn.
681 225 745 272 etr.
769 224 852 272 exst.

224 293 347 362 uitione
370 295 468 364 amori
497 295 774 382 concupiscentiam
808 311 849 370 et,
886 291 1090 380 multiplicato
1112 315 1145 362 a·

222 403 321 536 mqqe,
344 405 470 452 neeesse
499 399 546 454 est
580 387 678 470 arogis
711 385 848 454 animam
886 382 1144 452 delectationibus

221 493 257 537 su
304 495 322 537 ι.

287 561 435 648 Amplius,
459 562 492 628 ln
516 562 660 628 societate
685 560 820 628 humana
844 561 905 628 hoe
928 573 974 628 est
1007 561 1143 626 maxime

220 651 428 716 neeessariam
453 666 485 718 ut
508 653 545 716 sit
569 652 700 716 amicitia
726 653 805 716 inter
839 649 963 716 multos.
997 649 1143 737 Multipli-

218 753 314 806 eatur
329 753 431 806 autern
456 740 588 806 amicitia
613 741 691 806 inter
715 740 869 818 homines,
897 739 972 804 durn
989 759 1143 825 personae
1246 761 1247 776 ¹

218 841 382 896 extraneae
407 850 461 916 per
485 829 681 896 matrimonia
712 829 906 912 colligantur.
947 827 1144 896 Conveniens

220 915 276 986 luit
298 917 390 1003 igitur
414 919 534 1010 legilpus
558 918 694 984 ordinari
716 918 802 1003 quod
831 917 1030 984 matrimonia
1067 937 1143 983 oon-

218 1006 414 1072 traherentur
438 1028 509 1074 eum
549 1007 703 1076 extraneis
727 1007 878 1094 personis,
900 1017 932 1071 et
967 1025 1033 1070 non
1069 1027 1143 1072 oum

218 1097 408 1182 propinquis.
806 1159 810 1170 ,

286 1185 404 1264 Adnue,
426 1184 650 1252 lneonrenieos
673 1197 718 1248 est
742 1196 775 1250 ut
797 1183 858 1250 illis
875 1183 1014 1270 personis
1029 1183 1142 1270 aliquis

216 1273 371 1338 soeialitei
393 1273 599 1358 conjungatur
621 1275 732 1359 quibus
756 1273 935 1341 naturaliter
961 1273 1056 1340 debet
1073 1277 1143 1339 esse

216 1361 382 1446 subjectus.
405 1362 549 1430 Naturale
572 1378 675 1428 autem
699 1361 851 1448 estquod
885 1361 995 1448 aliquis
1031 1381 1142 1449 paren-

116 1517 126 1532 ,
219 1452 300 1518 tibus
323 1451 360 1516 sit
382 1453 548 1537 subjectus.
573 1452 651 1536 Ergo
685 1451 906 1516 irrouravenieus
940 1464 1022 1520 esset
1053 1449 1140 1536 quod

216 1542 489 1626 comparentibus
515 1541 624 1626 aliquis
661 1541 893 1606 matrimonium
931 1540 1139 1616 contraheret,

217 1649 288 1696 uum
312 1631 344 1698 in
365 1631 563 1698 matrimonio
586 1630 624 1696 sit
639 1628 792 1715 quaedam
817 1628 993 1718 oonjupetio
1004 1629 1138 1696 socialis.

159 1727 161 1734 '
283 1718 361 1782 lline
384 1733 430 1784 est
453 1719 536 1806 quod
561 1720 679 1784 dieitur:
707 1718 927 1784 omnishomo
953 1719 997 1786 ad
1029 1719 1139 1799 praete

216 1827 301 1874 mum
323 1809 483 1894 respuistis
505 1810 554 1874 eui
574 1828 636 1872 ooo
658 1808 795 1886 ascedat,
818 1805 924 1886 Levia,
948 1807 1048 1886 teu.

284 1897 342 1962 Per
364 1899 425 1962 hoe
447 1911 550 1962 autem
589 1895 761 1964 excluditur
797 1896 989 1962 eonsuetudo
1025 1915 1139 1964 eorum

202 1985 268 2072 ¹qui
291 1985 471 2072 propinquis
494 1987 557 2052 suis
580 2005 614 2052 se
637 1985 800 2050 carnaliter
822 1987 1037 2052 commiscent.

285 2073 452 2140 Sciendum
476 2085 521 2139 est
544 2088 646 2142 autem
671 2073 767 2160 quod,
795 2073 873 2140 sieut
910 2074 1057 2143 naturalis
1090 2073 1137 2140 in·
1246 2133 1247 2142 ,

215 2162 339 2232 alinardo
362 2176 408 2230 est
430 2162 469 2229 ad
493 2183 529 2228 ea
552 2183 632 2249 quae
655 2176 727 2228 suat
750 2175 782 2228 ut
809 2161 842 2226 in
867 2161 1018 2249 pluribus,
1042 2164 1083 2230 ita
1106 2174 1138 2230 et

216 2253 266 2320 lex
289 2253 386 2339 posita
409 2265 456 2318 est
477 2253 649 2318 seeundum
673 2251 704 2316 id
728 2249 812 2337 quod
835 2251 866 2314 in
896 2251 1035 2337 pluribus
1057 2253 1138 2318 aoei-

217 2342 270 2408 dit.
294 2341 362 2408 Non
384 2353 431 2408 est
454 2353 557 2408 autem
581 2340 743 2426 praedietis
766 2340 934 2406 rationibus
945 2342 1137 2408 eontrarium

215 2432 242 2496 si
266 2430 423 2515 malique
447 2429 534 2498 aliter
558 2430 651 2516 possit
674 2427 823 2506 assidere,
840 2432 996 2498 nonenim
1009 2441 1137 2516 propter

216 2519 334 2588 bonum
359 2519 449 2586 nnius
472 2519 567 2586 debet
590 2519 790 2603 praetermitti
814 2519 932 2584 bonum
953 2519 1138 2598 multorum,

214 2629 287 2676 eum
311 2607 429 2676 honum
451 2607 654 2676 multitudiuis
675 2626 800 2692 semper
822 2607 861 2672 sit
882 2606 1016 2676 divinius
1037 2627 1135 2694 quam

214 2697 332 2764 bonum
357 2698 457 2762 unius.
480 2696 524 2762 Ne
559 2711 662 2760 tamen
697 2695 835 2760 delectus
873 2698 925 2781 qui
962 2698 994 2765 in
1028 2699 1135 2784 aliquo

214 2799 318 2875 posset
340 2787 480 2854 assidere
519 2786 647 2855 ansuino
670 2785 788 2870 absque
823 2785 944 2856 medela
967 2800 1137 2866 remaneat,

215 2878 331 2942 residet
354 2875 435 2962 apud
459 2874 648 2960 legislatores
682 2888 712 2938 et
735 2874 779 2938 eis
817 2874 933 2942 similes
969 2877 1136 2944 auotoritas

214 2965 413 3052 dispensandi
436 2965 528 3032 ineo
552 2963 635 3050 quod
658 2961 865 3030 nummuuiter
890 2979 938 3032 est
974 2978 1136 3043 statutum,

214 3054 386 3120 seeundum
410 3052 494 3140 quod
515 3068 563 3120 est
600 3053 810 3119 neeessariam
848 3051 879 3116 in
916 3053 1021 3141 aliquo
1060 3074 1135 3122 casu

214 3142 401 3231 particulari.
426 3143 470 3220 llt,
494 3142 518 3208 si
542 3140 667 3226 quidem
689 3141 738 3206 lex
758 3143 799 3207 sit
823 3141 969 3220 humana,
1000 3164 1056 3231 per
1079 3143 1137 3210 lto-

214 3232 315 3300 mines
337 3231 468 3298 similem
493 3243 673 3317 potestatem
697 3229 845 3298 babentes
883 3232 1055 3320 dispensari
1078 3253 1135 3319 po-

215 3333 283 3388 test.
307 3321 338 3386 Si
362 3335 465 3390 autem
488 3319 536 3384 lex
559 3320 596 3386 sit
627 3318 771 3384 divinitus
809 3321 917 3405 posita,
950 3323 1135 3390 auctoritate

215 3409 319 3476 divina
343 3409 529 3496 dispensatio
553 3407 619 3474 fieri
643 3421 754 3494 potest;
777 3407 920 3486 sieut‚,in
944 3411 1039 3476 veteri
1064 3411 1134 3495 tege

216 3518 254 3562 ex
276 3498 504 3583 dispensatione
531 3493 682 3563 indultum
722 3495 842 3560 videtur
880 3518 990 3574 uxores
1028 3499 1134 3588 plures
1246 3535 1247 3538 π

218 3585 334 3650 ¹·abere
357 3597 387 3648 et
409 3583 606 3664 concubinas,
628 3599 658 3650 et
680 3585 783 3651 uxoris
804 3586 979 3672 repudium.
