2514 3972
407 247 463 292 tta.
487 248 527 292 ut.
552 248 615 294 csr.
637 249 724 294 scut.
973 230 1032 296 50t

185 312 230 381 Er
256 313 428 381 diversitate
450 331 553 382 autem
584 316 753 384 iormarum
786 329 816 380 et
839 317 1037 384 materiarum

117 416 148 469 et
170 405 335 489 agentium
359 407 496 491 sequitur
518 407 675 472 diversitas
699 406 918 492 proprietatum
935 421 965 472 et
987 429 1037 474 ae·

115 494 300 559 cidentium.
324 492 401 560 Cum
425 497 506 558 enim
519 496 686 560 substantia
703 495 741 559 sit
756 513 846 558 eausa
863 494 1038 573 accidentis,

114 581 195 648 sicut
220 580 393 668 perfeetum
417 582 597 670 imperfecti,
620 597 740 669 oportet
761 582 844 667 quod
862 603 897 646 ex
913 583 1038 649 dirersis

15 733 18 742 ,
115 670 282 758 principiis
304 670 553 739 substantialibus
581 674 700 738 diversa
725 671 891 744 accidentia
915 673 1037 760 propria

113 773 359 844 cousequantur.

183 845 314 924 Rursus,
336 847 413 913 Cum
437 869 473 914 err
496 849 623 916 dirersis
648 848 809 933 agentibus
827 849 1037 914 sintdiversae

112 934 338 1022 impressiones
361 939 391 1002 in
414 937 608 1024 patientibus,
621 952 739 1026 oportet
761 939 855 1024 quod,
867 938 1036 1004 secundum

114 1023 240 1090 diuersa
269 1027 400 1110 agentia,
435 1027 555 1094 diversa
589 1029 649 1094 sint
680 1025 849 1093 'accidentia
884 1047 963 1114 quae
998 1028 1037 1093 ab

114 1113 283 1198 agentibus
306 1116 532 1201 imprimuntur.

182 1202 273 1268 Patet
295 1223 369 1287 ergo
393 1224 430 1267 ex
453 1204 540 1271 dietis
575 1204 670 1290 quod,
704 1225 774 1269 cum
811 1226 866 1291 per
900 1204 1034 1268 divinam

113 1291 283 1356 essentiam
307 1294 399 1356 rebus
425 1295 534 1360 creatis
568 1295 686 1360 diversa
725 1295 892 1358 accidentia
916 1307 945 1356 et
969 1313 1035 1378 pasa

113 1380 220 1445 siones
245 1393 276 1444 et
298 1380 512 1448 collocationes
525 1382 755 1462 distribuantur,
773 1403 835 1448 non
849 1384 907 1448 boc
919 1381 1035 1468 absque

113 1467 236 1533 ratione
261 1469 379 1535 accidit.

181 1557 262 1622 Hinc
286 1558 435 1644 estquod
459 1581 543 1624 sacra
567 1559 722 1646 Scriptura
740 1579 843 1625 rerum
860 1559 1033 1646 productio-

115 1663 188 1710 rtem
229 1659 260 1710 et
293 1646 547 1730 gubernationem
583 1649 750 1738 sapientiae
785 1663 816 1714 et
854 1647 1034 1735 prudentiae

114 1732 240 1798 divinae
263 1735 409 1813 attribuit3
432 1737 542 1802 dicitur
575 1739 668 1802 enim:
704 1738 852 1802 Dominus
880 1737 1033 1818 snpientia

113 1822 261 1904 fundanii
293 1836 417 1903 terram,
452 1826 602 1892 stabilivit
634 1827 738 1891 casios
767 1827 950 1912 prudentia
984 1846 1034 1889 sa-

112 1912 233 1992 pientia
258 1914 343 1978 iiiias
365 1927 531 1998 eruperant
564 1915 678 2000 abyssi,
702 1929 731 1982 et
752 1915 847 1981 aabes
869 1935 941 1980 rore
962 1933 1032 1977 con-

116 2018 267 2080 crescunt,
296 2002 453 2078 Proverb„
476 2005 506 2080 5,
542 2005 652 2088 itt-att,
687 2019 716 2070 et
750 2005 860 2070 dicitur
898 2003 937 2067 de
975 2003 1031 2067 Dei

114 2091 266 2176 sapientia
284 2091 372 2178 quod
396 2095 520 2178 attingit
536 2097 625 2180 apiae
639 2115 733 2178 ttsqae
747 2096 789 2158 ad
800 2096 891 2180 finem
901 2093 1033 2176 sortiter,

114 2189 144 2242 et
165 2180 304 2264 disponit
329 2183 436 2246 omnia
458 2186 602 2260 suaviter,
636 2182 718 2269 Sap,
741 2183 772 2261 8,
798 2185 826 2259 13
849 2195 879 2245 et
912 2180 1032 2246 dicitur:

117 2266 235 2333 Omnia
257 2269 290 2332 in
310 2289 465 2347 mensura,
488 2281 516 2334 et
553 2292 691 2348 nttmero,
714 2285 744 2337 et
770 2271 907 2355 pandere
929 2269 1031 2352 dispo·

115 2357 215 2436 suisti,
240 2357 382 2437 Domine,
422 2360 505 2446 Sap,
530 2361 580 2439 ii,
614 2361 667 2436 an
692 2374 723 2425 ut
758 2381 813 2446 per
844 2378 1030 2436 mensuram,

95 2449 315 2527 ·quantitatem
339 2448 402 2512 sire
424 2449 552 2514 modurn
584 2462 636 2514 aut
669 2448 798 2534 gradum
838 2446 1032 2534 perfectiouis

115 2533 356 2621 uniuscujusque
378 2537 423 2602 rei
446 2537 663 2622 intelligamus
686 2558 742 2624 per
766 2557 929 2601 numerum
948 2556 1031 2614 vero,

116 2619 324 2688 diversitatem
361 2639 390 2689 et
424 2627 682 2710 puichritudiuem
720 2627 890 2712 specierum
925 2644 1032 2688 course·

116 2727 263 2794 quentem
280 2733 317 2777 ert
328 2711 454 2779 dirersis
467 2714 661 2801 perfeetionis
673 2715 830 2798 gradibus;
843 2733 897 2799 per
911 2713 1031 2797 pondus

25 2855 28 2862 ,
116 2815 199 2880 vero,
236 2801 447 2867 inclinationes
480 2803 615 2869 diversas
648 2805 686 2868 ad
718 2804 857 2890 proprios
891 2800 968 2866 fines
1001 2815 1032 2864 et

116 2889 309 2972 operationes
332 2904 362 2954 et
385 2891 424 2956 ad
454 2893 576 2977 propria
614 2892 734 2977 agentia
758 2905 788 2955 et
828 2889 970 2978 patientia
1001 2903 1031 2953 et

116 2980 295 3057 accidentia,
317 2999 396 3064 quae
418 2995 589 3066 sequuntur
604 2981 828 3046 distinctionem
846 2980 1028 3065 specierum.
1048 3031 1049 3036 ,

181 3067 213 3132 lu
245 3069 400 3153 praedicto
433 3083 536 3134 autem
575 3069 694 3143 ordine,
728 3069 898 3133 secuudum
934 3087 1026 3151 quem

117 3153 191 3220 'ratio
210 3156 336 3228 ,divinae
369 3159 577 3242 providentiae
602 3157 779 3232 attenditur,
803 3159 936 3244 primum
962 3175 1028 3219 esse

116 3240 247 3310 diximus
269 3246 403 3310 divinam
437 3246 614 3325 bonitatem,
645 3247 732 3333 quasi
757 3247 899 3311 ultimum
924 3244 1029 3320 finem,

117 3333 166 3413 qui
189 3349 235 3397 est
259 3335 392 3420 primum
410 3336 593 3422 principium
619 3335 649 3399 in
663 3335 800 3420 agendis3
816 3337 928 3399 debinc
945 3353 1029 3410 vero,

118 3437 219 3486 rerum
245 3424 508 3500 numerositatem,
532 3425 570 3488 ad
593 3444 685 3509 quam
709 3424 953 3490 constituendam
976 3441 1029 3486 ne-

119 3525 200 3578 cesse
223 3526 268 3579 ost
291 3512 404 3598 gradus
439 3512 575 3582 diversos
597 3514 629 3578 in
651 3511 759 3594 formis
783 3528 813 3582 et
841 3510 977 3582 materiis
999 3527 1030 3578 et
