2494 3970
219 228 262 294 ut
440 245 496 292 nra.
520 247 563 292 ur.
587 247 651 292 cir.
675 247 771 294 xxxiv.
795 247 832 291 nr
846 247 932 293 xnrrv.

218 337 298 404 quae
320 326 392 384 sunt
414 313 495 382 circa
519 330 604 382 actus
629 313 772 382 morales.
794 316 862 381 Non
899 329 945 383 εει
967 314 1060 402 igilur
1084 319 1133 384 ul-

219 410 292 472 tima
313 405 443 472 felicitas
466 406 611 480 bominis,
634 426 714 490 quae
737 418 783 470 εει
805 405 930 472 ultimus
957 405 1024 492 ejus
1046 407 1132 484 finis,

218 497 387 560 consistens
410 497 441 559 in
464 497 581 560 actibus
603 494 784 559 moralibus.

284 585 457 658 Praeterea,
479 583 618 649 Felicitas
640 597 687 647 est
709 581 867 670 proprium
903 581 1036 652 hominis
1074 585 1133 651 bo·

216 690 304 738 num.
328 671 407 738 lllud
430 673 522 757 igitur
545 671 629 758 quod
652 685 698 736 est
721 671 855 736 maxime
891 675 1051 759 proprium
1074 673 1132 740 bo-

217 763 309 830 minis
332 763 411 826 inter
433 762 536 826 omnia
559 762 640 826 bona
663 761 810 838 bumana,
832 774 974 846 respectu
1000 763 1132 828 aliorum
1233 837 1234 842 .

216 851 407 922 animalium.
429 862 474 914 εει
497 851 527 913 in
551 870 613 935 quo
637 850 815 935 quaerenda
852 863 898 915 est
921 849 988 934 ejus
1024 852 1132 916 ultima
1233 879 1234 886 ι

215 939 352 1005 felicitas.
379 937 560 1022 Huiusmodi
584 951 688 1003 autem
712 958 774 1002 non
797 950 845 1002 est
880 940 1026 1005 virtutum
1064 961 1131 1006 mo·

216 1028 326 1094 relium
351 1042 447 1102 actus;
470 1047 542 1092 nam
566 1027 625 1092 alia
652 1026 797 1092 animalia
820 1026 935 1112 aliquid
952 1030 1134 1116 participant

217 1117 265 1181 ccl
289 1115 478 1181 liberalitatis
498 1116 549 1180 ¹vel
571 1114 776 1192 fortitudinisa
790 1116 1005 1183 intellectualis
1029 1134 1134 1184 autem

217 1205 344 1270 actionis
360 1205 618 1273 nullum.anirnal
641 1203 759 1290 aliquid
788 1205 958 1293 participat.
997 1206 1065 1273 Non
1087 1222 1136 1273 εει

218 1295 311 1378 igitur
334 1293 440 1360 ultima
457 1293 592 1360 borninis
608 1291 739 1359 felicitas
756 1293 788 1358 in
803 1294 922 1360 actibus
952 1297 1137 1364 moralibus.

506 1469 692 1538 aanor
725 1468 845 1537 ιιιιιιι.
930 1454 931 1458 '

283 1649 372 1730 Quod
393 1652 506 1716 ultimo
528 1647 662 1714 fronticis
682 1648 816 1732 [elicitos
837 1667 898 1715 non
932 1651 1072 1717 consistit
1129 1691 1132 1699 ·

504 1741 538 1804 ιἰι
560 1749 632 1803 actu
650 1737 847 1821 prudentiae.
1080 1739 1106 1760 '²

281 1915 323 1980 Ex
346 1915 407 1980 boc
428 1915 521 1980 etiarn
546 1903 672 2001 apparet
701 1914 785 1999 quod
808 1916 954 2002 usquein
978 1867 1139 2005 ectupr'w

215 2006 337 2072 dentiae
360 2018 406 2070 cst
428 2005 536 2070 ultima
562 2003 695 2068 bominis
719 2003 858 2068 felicitas.

281 2095 372 2162 Actus
395 2095 478 2158 enim
502 2091 684 2179 prudentiae
712 2105 758 2158 est
780 2093 882 2158 solum
906 2094 986 2159 circa
1002 2115 1039 2163 ea
1055 2115 1139 2181 quae

215 2198 287 2250 sunt
310 2183 474 2250 moralium
498 2182 654 2248 virtutum.
677 2181 749 2246 Non
772 2194 819 2246 cst
842 2194 946 2246 autern
970 2183 1001 2246 in
1017 2185 1140 2250 actibus

213 2272 379 2350 moralium
404 2271 550 2336 virtutum
574 2271 681 2336 ultima
708 2270 843 2336 bominis
867 2269 1003 2337 felicitas.
1027 2271 1139 2360 Neque

213 2364 307 2448 igitur
328 2361 360 2424 iu
383 2371 452 2426 actu
475 2360 667 2446 prudentiae.

291 2448 412 2526 Adbuc,
435 2448 542 2533 ultima
564 2447 690 2514 felicitas
720 2445 859 2512 bominis
886 2459 931 2514 est
964 2447 996 2513 in
1018 2450 1138 2538 optima

216 2537 353 2604 hominis
376 2539 565 2624 operatione.
589 2534 713 2622 Optima
736 2549 840 2600 autem
867 2535 1001 2604 bominis
1024 2560 1138 2626 opera·
1198 2611 1200 2616 ,

215 2629 269 2706 ιιο,
290 2625 461 2692 secundum
485 2625 516 2690 id
545 2625 630 2712 qood
652 2638 699 2690 εει
720 2625 879 2712 proprium
911 2626 1055 2706 bominis,
1089 2644 1138 2696 est
1198 2625 1202 2634 ’

214 2717 245 2780 in
268 2715 500 2802 comparatione
522 2716 562 2782 ad
585 2712 806 2799 perfectissima
834 2712 963 2799 objecta.
987 2714 1137 2804 Operatio

214 2815 317 2872 autern
341 2803 524 2890 prudentiae
546 2822 608 2869 non
628 2816 763 2887 asterga
779 2801 898 2888 objecta
914 2803 1137 2890 perfectissima

213 2891 385 2958 intellectus
408 2891 456 2957 vel
478 2889 615 2967 rationis;
638 2911 701 2956 nou
724 2891 808 2955 enim
830 2904 877 2956 εει
897 2911 973 2976 erga
996 2913 1139 2962 necessa·

215 2983 270 3059 ria,
292 2982 347 3047 sed
370 3001 443 3066 erga
466 2981 674 3064 contingentia
697 2979 875 3066 operabilia.
899 2979 966 3046 Non
982 2995 1030 3048 εει
1043 2983 1140 3070 igitur

214 3074 245 3136 in
268 3069 337 3157 ejus
360 3070 540 3156 operatione
564 3070 671 3136 ultima
696 3068 831 3134 bominis
852 3066 991 3136 felicitas.

278 3157 542 3248 ArnpliusQuod
575 3159 736 3224 ordinatur
759 3156 798 3221 ad
835 3155 965 3225 alterum
995 3159 1075 3226 sicut
1097 3161 1140 3226 ad

213 3251 310 3318 finem
345 3267 408 3314 non
440 3261 486 3314 εει
518 3247 625 3312 ultima
661 3245 795 3312 bominis
829 3243 965 3312 felicitas.
989 3245 1140 3334 Operatio

110 3343 112 3350 '
213 3351 319 3405 autem
342 3338 523 3425 pmdeutiae
556 3337 718 3402 ordinatur
751 3333 791 3398 ed
824 3333 954 3402 alterum
976 3337 1055 3401 sicut
1093 3337 1136 3404 od

214 3428 319 3497 firiaco:
343 3440 409 3492 tum
432 3423 504 3514 quia
528 3426 628 3498 omnis
661 3423 793 3510 practica
828 3423 971 3506 cognitio,
992 3424 1052 3490 sub
1074 3445 1140 3513 qua

214 3517 390 3584 continetur
413 3513 586 3602 prudentia,
609 3508 1054 3597 ordinaturadoperatiouem3
1068 3525 1139 3586 tum
