2514 3972
417 239 474 286 un.
500 241 542 286 ur.
568 239 631 286 can.
656 240 735 286 artu.
963 222 1025 288 tat

113 320 254 378 creatura
278 319 380 374 autem
404 309 562 374 rationalis
586 324 711 397 propter
726 308 862 397 seipsum
876 309 1032 396 guberna·

112 414 176 477 tur„
198 411 231 464 ut
253 417 289 464 ex
312 397 399 463 dictis
422 397 619 464 manifestum
643 411 698 464 est.
734 397 783 466 sta
817 398 909 484 igitur
947 401 1033 470 solae

112 487 277 554 rationales
300 500 459 552 creaturae
488 488 689 554 directionem
727 507 744 551 a
783 485 851 554 Deo
885 487 924 554 ad
959 511 1032 556 suos

112 591 198 652 aetus
221 575 383 663 accipiunt,
407 596 469 642 non
493 575 594 641 solum
630 589 756 663 propter
789 575 938 664 speeiem,
975 579 1032 644 sed

110 667 203 732 etiam
227 663 397 730 meandum
421 664 624 730 individuum.

176 754 294 830 Adhuc,
317 753 539 838 Quaecumque
561 753 762 820 directionem
787 753 904 820 habent
920 753 952 820 in
968 757 1032 822 suis

108 843 227 912 actibus
249 843 350 908 solum
372 843 543 908 secundum
567 843 651 929 quod
674 843 808 928 pertinet
831 842 870 908 atl
894 844 1031 930 speeiem

106 952 170 998 non
196 945 242 998 est
265 932 296 996 in
320 931 384 996 istis
406 951 498 1016 agere
522 931 571 996 vel
611 952 673 996 non
712 952 816 1017 agere3
841 951 921 1018 quae
947 934 1032 998 enim

107 1033 339 1108 consequuntur
360 1022 494 1106 speeiem
518 1033 592 1086 sunt
614 1022 792 1086 communia
816 1035 847 1085 et
877 1020 1027 1088 naturalia

107 1111 253 1176 omnibus
275 1107 440 1173 indiuiduis
464 1108 522 1174 sub
545 1114 647 1196 speeie
673 1110 854 1187 contentia·
875 1110 1027 1178 naturalia

106 1213 212 1266 autem
241 1217 304 1263 nou
327 1198 452 1262 suntin
475 1195 572 1263 nobis.
597 1197 629 1264 Si
652 1198 745 1282 igitur
768 1199 863 1264 homo
898 1197 1028 1268 haberet

107 1287 309 1354 directionem
332 1286 364 1352 in
387 1289 450 1352 suis
472 1287 590 1352 actibus
623 1286 726 1352 solum
750 1285 921 1354 secundum
953 1308 1027 1354 con·

106 1377 281 1463 gruentiam
305 1374 430 1462 speciei,
451 1395 515 1440 nort
538 1387 619 1440 esset
643 1376 676 1440 in
699 1377 766 1462 ipso
789 1395 881 1460 agere
903 1375 1028 1444 telnon

105 1485 209 1551 agere,
231 1463 286 1530 sed
308 1477 463 1551 oporteret
485 1463 569 1551 quod
593 1479 777 1549 sequeretur
793 1465 1026 1534 inclinationem

105 1553 277 1620 naturalem
301 1554 355 1618 toti
377 1553 492 1639 speciei
516 1573 726 1628 communem,
750 1564 784 1618 ut
806 1554 955 1639 contingit
993 1556 1026 1622 iu

106 1643 252 1709 omnibus
276 1641 502 1726 irrationalibus
524 1641 685 1707 creaturis.
709 1640 902 1708 Manifestum
925 1655 971 1710 est
1001 1645 1026 1710 i-

107 1733 189 1816 gitur
211 1731 296 1817 quod
318 1729 481 1796 rationales
504 1743 665 1796 creaturae
700 1741 786 1796 actus
823 1731 1026 1801 directionem

107 1821 234 1898 liabent,
256 1840 319 1884 nou
342 1819 442 1884 solum
466 1819 638 1886 secundum
661 1819 808 1906 speciem,
844 1820 900 1888 sed
932 1824 1026 1890 etiam
1095 1901 1099 1906 .

107 1909 279 1976 secundum
303 1907 506 1976 individuum.

173 1997 323 2086 Amplius,
345 1995 430 2062 Sicut
452 2017 546 2084 supra
569 1998 611 2082 (a.
635 1996 692 2079 76)
717 2009 874 2065 ostensum
898 2013 955 2076 est,
976 1999 1024 2068 tli-

106 2086 177 2152 uina
201 2085 392 2174 providentia
415 2086 455 2154 ad
478 2086 585 2152 omnia
607 2085 774 2170 singularia
810 2106 844 2154 se
880 2087 1026 2168 extendit,
1063 2124 1067 2130 ·

105 2177 199 2241 etiam
221 2175 359 2240 minima.
381 2173 638 2260 Quibuscumque
664 2175 756 2258 igitur
792 2187 864 2242 sunt
904 2175 1026 2262 aliquae

105 2265 243 2332 actiones
267 2277 387 2350 praeter
411 2263 640 2328 inclinationem
665 2263 791 2348 speciei,
806 2276 926 2350 oportet
941 2265 1025 2351 quotl

105 2373 162 2442 per
185 2353 320 2418 divinam
344 2351 566 2438 providentiam
590 2351 769 2436 regulentur
786 2353 892 2418 insuis
907 2352 1025 2423 actibus

105 2455 229 2529 praeter
251 2440 451 2507 directionem
475 2460 554 2526 quae
578 2440 709 2527 pertinet
732 2440 770 2506 ad
792 2441 938 2527 speciem.
962 2442 1024 2508 Sed

104 2530 304 2596 inrationali
327 2543 466 2594 ereatura
490 2542 639 2615 apparent
664 2527 779 2596 multae
814 2531 953 2598 actiones
983 2531 1023 2600 ad

105 2617 401 2707 quas‘noo-sufficit
423 2616 579 2684 inclinatio
613 2615 736 2704 speciei;
774 2616 864 2703 cujus
900 2619 1026 2705 signum

105 2706 257 2794 estquod
280 2728 344 2776 non
365 2706 481 2772 similos
503 2719 575 2772 sunt
596 2706 628 2772 in
651 2705 806 2780 omnibus,
829 2706 884 2776 sed
922 2708 1025 2776 variae

105 2798 139 2863 in
162 2795 301 2863 diversis.
324 2793 454 2883 Oportet
477 2795 569 2879 igitur
595 2794 679 2880 quati
701 2794 861 2864 rationalis
883 2811 1024 2885 ereatura

105 2885 255 2972 dirigatur
270 2905 288 2951 a
311 2885 378 2950 Deo
401 2883 440 2949 ad
463 2904 535 2949 suos
551 2896 646 2962 actus,
659 2903 720 2948 nou
737 2883 836 2952 solum
852 2887 1023 2956 secundum

105 2977 241 3064 speciem
263 2973 319 3040 sed
342 2974 434 3038 enain
469 2973 640 3038 seeundum
664 2971 866 3039 individuum.

174 3063 260 3142 item,
271 3063 355 3128 Deus
370 3062 536 3148 unicuique
552 3074 683 3128 naturae
698 3061 839 3162 ppoaidet
850 3063 1022 3148 secuudum

103 3153 199 3244 ipsios
222 3153 436 3240 capacitatem
472 3151 548 3217 tales
588 3151 672 3216 euim
706 3149 842 3236 singulas
868 3165 1022 3222 creaturas

103 3241 241 3310 condidit
264 3240 370 3328 quales
393 3253 480 3326 aptas
520 3260 588 3306 esse
610 3239 753 3325 cognovit
776 3252 814 3306 ut.
843 3259 906 3326 per.
933 3261 1021 3310 suam

103 3331 359 3418 gubernationem
384 3329 584 3415 pervenirent
608 3327 774 3396 adfinem.
809 3326 879 3396 Sola
917 3344 1021 3398 autem

104 3433 245 3487 creatura
268 3418 425 3486 rationalis
446 3430 492 3484 est
517 3437 612 3506 capax
635 3417 810 3486 directionis
832 3437 893 3506 qun
915 3418 1021 3504 dirigi-

106 3523 156 3576 tur
178 3509 219 3576 ad
240 3528 315 3587 ¹aum
337 3519 421 3577 actus
444 3527 507 3576 nou
530 3505 631 3576 solum
660 3506 837 3600 ¹secantium
874 3509 1022 3600 speciem,
