2516 3968
457 236 512 281 tta.
538 234 577 281 tu.
601 233 664 280 can.
689 233 774 280 catti.
1008 215 1073 281 t87

6 309 13 342 '
180 340 182 346 ·
216 304 389 386 Praeterea,
413 303 523 372 Omnis
556 303 705 391 sapientia
729 319 759 368 et
782 303 903 369 bonitas
940 303 1076 371 hominis

151 393 307 460 derivatur
330 415 345 459 a
369 394 518 482 sapientia
541 408 571 458 et
595 393 731 458 bonitate
756 392 873 468 divina,
889 392 1073 481 sicutquae-

151 483 222 549 dam
246 483 414 548 similitudo
438 483 545 570 lpaius.
570 482 732 568 Repugnat
762 495 866 547 autem
904 483 1073 568 sapientiae

83 602 88 616 ·
150 587 180 637 et
203 572 331 638 bonitati
368 573 522 638 humanae
545 570 629 656 quod
653 571 788 656 aliquem
811 590 940 658 peccate
973 571 1072 638 iaciat.

148 660 243 746 igitur
266 660 364 726 multo
395 659 647 746 magisdivioaa.

214 749 332 826 Adhuc,
359 749 522 815 Peccatum
548 769 644 814 omne
667 767 704 814 ex
728 747 831 834 aliquo
855 747 975 814 delectu
1000 770 1073 836 ptu-

148 839 230 902 venit
261 839 392 926 proximi
419 839 549 923 agentis,
587 857 650 904 uon
688 849 791 902 autem
826 858 864 904 ex
901 837 1073 918 influentia,

148 927 238 1014 primi
274 929 404 1011 agentis3
425 929 503 992 sicut
526 940 685 1013 peccatum
709 925 941 992 claudicationis
966 948 1073 1014 prove-

148 1016 192 1080 nit
214 1036 251 1081 ex
280 1015 481 1103 dispositione
517 1015 619 1088 tibiae,
653 1035 716 1080 non
756 1029 859 1080 autem
884 1033 921 1080 ex
960 1017 1072 1082 virtute

149 1107 271 1183 motiva,
295 1126 367 1170 cum
392 1119 495 1170 tamen
519 1123 556 1170 ex
591 1125 627 1168 ea
650 1104 688 1170 sit
712 1103 861 1191 quidquid
897 1103 937 1170 de
971 1106 1072 1191 perle-

148 1193 250 1258 ctione
273 1209 375 1259 motus
400 1195 430 1259 in
469 1192 692 1258 claudicatione
715 1207 850 1280 apparet.
890 1193 1071 1261 Proximum

147 1295 251 1348 autem
276 1303 370 1368 agens
393 1283 509 1370 peceati
533 1281 665 1346 humani
689 1295 735 1346 est
758 1282 911 1348 voluntas.
935 1284 985 1348 Est
1013 1284 1069 1370 igi·

147 1385 197 1436 tut
220 1371 356 1436 deiectus
380 1373 493 1459 peceati
520 1390 558 1435 ex
585 1370 742 1436 t·olunlate
766 1370 911 1449 hominis,
935 1393 997 1436 oon
1015 1393 1070 1438 au·
1179 1435 1184 1444 ‚

146 1473 209 1524 tem
233 1480 270 1525 ex
295 1460 372 1538 Deo,
395 1461 446 1546 qui
473 1472 520 1525 est
544 1459 661 1545 primus
686 1479 792 1544 agens,
815 1479 832 1524 a
863 1479 926 1544 quo
964 1474 1068 1527 tamen

145 1561 191 1612 est
214 1549 363 1634 quidquid
389 1549 428 1614 ad
456 1547 681 1637 perlectionem
707 1548 835 1614 actionis
866 1550 999 1634 pertinet
1037 1551 1068 1640 in

145 1651 215 1702 actu
232 1640 358 1723 peccati.
986 1675 997 1694 ·

212 1725 289 1792 ilion
311 1742 357 1792 est
379 1727 463 1813 quod
487 1724 609 1790 dicitur:
633 1724 705 1791 Non
730 1725 831 1793 dieue:
855 1727 913 1794 Ille
937 1748 985 1792 me
1010 1729 1068 1792 im·

86 1842 88 1846 ¹
141 1815 295 1898 plonnviq
316 1837 378 1881 oon
401 1818 482 1880 onim
504 1815 675 1880 necessarii
711 1827 782 1880 eunt
805 1819 833 1882 el
855 1817 993 1882 homines
1009 1818 1068 1881 im·

140 1904 201 1987 pii,
217 1903 306 1979 Ecel„
331 1905 382 1983 15,
398 1906 456 1981 Ἡ·
471 1917 500 1970 ct
525 1901 617 1968 inira:
640 1903 764 1970 Nemini
787 1907 949 1972 mondavit
972 1909 1067 1988 impie

1 1987 3 2047 1
143 2012 244 2076 apere,
268 2006 298 2059 et
318 1995 433 2060 nemini
452 1994 539 2060 dedit
561 1995 698 2077 spatium
718 1995 878 2076 peccandi,
902 1994 994 2073 Eccl,
1013 1997 1066 2072 to,

144 2081 198 2158 213
222 2096 252 2146 et
273 2084 397 2148 dicitur:
421 2083 529 2157 Nemo,
555 2103 625 2147 eum
650 2093 795 2162 tentator,
817 2086 904 2148 dieat
918 2087 1066 2168 qnoniam

145 2190 165 2234 a
189 2170 255 2234 Deo
279 2181 421 2250 tentetor3
444 2173 528 2238 Dent
545 2171 627 2239 entim
643 2173 814 2238 intentator
829 2175 986 2238 malornm
1009 2185 1066 2253 est,

142 2257 390 2336 taceo.,t,15.
505 2305 508 2314 2

217 2346 418 2412 lnveuiuntut
441 2365 544 2416 tamen
569 2345 722 2434 quaedam
747 2342 777 2412 in
811 2346 987 2434 Scripturis,
1030 2370 1068 2416 ex

144 2434 256 2520 quibus
293 2436 414 2502 videtur
451 2439 534 2524 quod
582 2439 667 2501 Deus
705 2436 744 2500 sit
783 2437 936 2524 aliquibus
974 2459 1068 2505 eausa

146 2523 304 2610 peccandi3
343 2523 454 2591 dicitur
492 2529 585 2593 enim:
624 2523 688 2610 Epo
725 2524 873 2592 induravi
912 2547 965 2591 cot·
1003 2530 1068 2613 ejus

143 2613 344 2700 (Pharaonis)
380 2627 409 2680 et
431 2637 590 2681 aereorum
612 2614 710 2691 illins,
736 2613 840 2688 Exod„
879 2615 931 2690 10,
974 2616 1003 2692 1;
1027 2631 1068 2682 ct:

142 2701 282 2768 Eacaeeo
313 2725 368 2768 eor
388 2707 498 2789 populi
521 2707 622 2791 letp'ne,
645 2713 675 2767 et
697 2722 790 2768 aurea
812 2705 877 2788 q‘ua
917 2725 1067 2789 cpprana,

142 2802 172 2856 el
194 2794 298 2856 oculos
320 2795 386 2878 qna
409 2796 529 2873 claude,
553 2815 590 2858 ne
613 2793 693 2876 sorte
716 2793 823 2858 videat
844 2793 941 2856 oeulis
956 2794 1069 2858 anie...-

142 2891 172 2943 et
196 2895 402 2956 eonvertatur,
425 2895 455 2948 et
478 2904 584 2950 sonem
620 2900 683 2958 eoa,
707 2879 785 2958 lsai,
809 2881 840 2958 6,
866 2881 916 2958 to;
943 2896 983 2944 et:
1008 2881 1067 2946 Er-

141 2989 216 3034 rare
237 2990 295 3034 toea
316 2972 417 3055 fecisti
438 2974 478 3038 de
499 2975 559 3040 viic
584 2971 656 3047 tuis:
679 2969 838 3034 indurasti
859 2989 913 3034 eor
927 2981 1069 3036 noslrttm

141 3075 180 3120 nc
204 3060 379 3124 timeremus
393 3075 430 3141 te,
454 3062 533 3140 lsai,
556 3061 610 3137 65,
635 3059 686 3135 t7;
710 3072 740 3123 et
763 3058 883 3124 dieitur:
920 3059 1069 3125 Tradidit

140 3145 212 3210 illos
237 3147 319 3212 Deua
341 3150 374 3213 in
397 3149 563 3234 reprobum
586 3168 720 3225 sensum,
735 3157 770 3212 nl
792 3148 913 3232 fociant
936 3168 975 3212 ea
989 3169 1068 3234 quae

111 3253 201 3312 ,tion
224 3241 414 3316 conveniunt,
438 3238 539 3316 llum,
564 3239 594 3317 l,
617 3235 671 3301 28.
695 3235 782 3318 Quae
821 3239 925 3306 omnia
955 3257 1068 3302 seeun-

138 3323 213 3392 dum
238 3323 298 3388 ltoc
320 3327 518 3411 intelligenda
552 3339 624 3392 suot
665 3324 749 3411 quod
787 3323 871 3390 Deus
907 3325 1068 3410 aliquibus

139 3432 202 3476 non
225 3412 344 3478 conten
367 3415 514 3480 auxilium
539 3414 578 3480 ad
602 3411 763 3480 vitandum
789 3427 961 3500 peecatum,
978 3416 1068 3501 quod

138 3499 204 3567 aliis
227 3501 413 3589 quibusdam
437 3504 567 3571 confert.
