2462 3968
420 257 475 302 ura.
500 256 540 302 ur.
564 255 628 302 cnr.
652 257 720 304 non.
951 238 1014 304 279

99 345 191 402 mette,
215 345 235 389 a
258 325 522 410 quo'trepidobo?
560 325 684 405 Psalm„
708 327 761 406 26,
800 328 830 406 i,
863 341 1014 414 quantum

99 415 135 479 ad
157 415 340 478 seeundum.

160 501 222 568 Sed
247 504 326 568 inter
339 504 415 569 haeo
427 503 490 569 duo
503 504 614 570 auxilia
627 516 673 570 est
690 502 863 570 differentia
891 503 1013 592 duplex:

160 591 264 658 Prima
289 591 425 678 quidem,
449 595 519 680 quia
543 612 578 657 en
603 593 715 658 anxilio
739 592 1015 679 prirnoadjuvatur

99 679 190 745 horno
214 693 278 745 tam
303 683 333 746 in
360 682 407 747 his
430 701 510 768 quae
533 682 635 746 virtuti
674 681 810 747 hominis
840 680 1016 748 subduntur

98 789 187 854 qnam
212 771 306 834 etiarn
330 774 367 835 in
385 771 461 836 aliis:
485 769 540 834 sed
579 771 750 836 seeundum
790 771 937 836 auxilium
975 771 1015 837 ad

98 857 146 922 ida
170 871 291 924 tantum
315 879 348 924 se
372 859 508 925 extendit
530 860 569 924 ad
593 879 672 946 quae
696 861 789 925 virtus
816 861 1016 926 hominisva-

97 943 146 1011 let.
170 947 263 1028 Quod
288 949 370 1014 enim
395 949 489 1014 homo
512 947 632 1014 fodiens
669 949 847 1035 sepulerum
881 951 1016 1015 inveniat

97 1034 288 1116 thesaurum,
311 1058 348 1102 ex
371 1037 454 1102 nulla
479 1039 611 1102 hominis
634 1037 745 1103 virtute
761 1037 910 1124 procedit,
933 1037 1016 1104 unde

97 1139 239 1210 respectu
264 1125 330 1191 talis
353 1139 520 1212 proventus
543 1127 680 1212 adjuvari
719 1141 819 1212 potest
854 1128 948 1193 horno
983 1130 1015 1192 in

97 1211 153 1278 hoo
176 1215 262 1300 quod
300 1215 461 1300 instigetur
495 1215 532 1280 ad
557 1215 770 1302 quaerendum
803 1216 855 1282 ubi
880 1230 925 1283 est
948 1218 1016 1284 the-

96 1321 214 1381 saurus,
239 1325 301 1369 non
326 1319 431 1369 autern
456 1305 486 1369 in
520 1305 580 1370 hoe
614 1305 699 1391 quod
732 1305 761 1370 ei
795 1305 896 1392 aliqua
921 1307 1015 1373 virtus

98 1388 185 1455 detur
209 1393 249 1456 ad
280 1393 458 1458 thesaurum
491 1394 721 1458 inveniendum.
760 1394 793 1458 ln
818 1396 877 1460 hoe
911 1411 1015 1464 autern

98 1480 178 1564 quod
192 1481 331 1547 medicus
355 1496 441 1548 sanet
459 1483 512 1548 ¹vel
534 1483 623 1547 miles
646 1483 677 1546 in
700 1503 802 1569 pugna
837 1485 1015 1572 i'inoat,po-

98 1581 154 1632 test
176 1570 315 1656 adjuvari
339 1573 370 1637 in
394 1571 454 1637 hoo
477 1572 558 1657 quod
598 1571 690 1656 eligat
724 1574 937 1639 convenientia
976 1574 1015 1640 ad

100 1655 204 1732 finem.
228 1674 258 1724 et
282 1661 340 1726 hoo
373 1659 537 1732 efficaciter
560 1675 729 1746 exequatur
752 1682 807 1746 per
830 1663 972 1727 virtutem
997 1685 1014 1729 a

99 1750 249 1832 superiori
273 1769 364 1814 eausa
391 1750 544 1837 adeptam.
573 1749 659 1814 Unde
696 1749 830 1836 primum
865 1751 1013 1818 auxilium

100 1850 144 1901 est
166 1839 379 1904 universalius.

163 1925 306 1993 Secunda
329 1926 502 1992 differentia
539 1940 585 1992 εει
618 1927 688 2012 quia
723 1927 894 1992 seeundum
930 1931 1015 1994 auxi·

99 2014 171 2080 lium
197 2015 288 2082 datur
310 2015 349 2080 ad
383 2013 833 2104 prosequendumeesfroaoiter
866 2038 902 2082 ea
937 2039 1016 2104 quae

99 2104 238 2182 intendit3
262 2105 355 2181 unde,
378 2126 449 2170 eurn
475 2106 595 2170 fortuita
620 2106 680 2170 sint
715 2119 835 2190 praeter
873 2106 1017 2172 intentio·

102 2213 184 2272 nem,
208 2214 245 2258 ex
270 2195 322 2260 tali
346 2194 458 2260 auxilio
482 2215 544 2260 non
569 2207 674 2280 potest
691 2195 750 2259 di‘oi
775 2195 1017 2283 hom0,pr0prio

99 2281 265 2368 loquendo,
289 2285 369 2349 bene
392 2282 575 2362 fortunatus,
598 2285 675 2348 sieut
699 2297 798 2369 potest
813 2283 872 2348 diei
896 2301 933 2348 ex
957 2285 1018 2372 pri·

100 2391 160 2448 nro,
183 2386 218 2436 ut
240 2393 332 2459 supra
355 2384 513 2438 ostensum
536 2387 589 2437 εει.
631 2371 785 2456 Contingit
823 2387 926 2438 autern
961 2375 1017 2438 ho·

99 2459 175 2524 rnini
197 2460 278 2526 bene
301 2461 446 2525 velmede
473 2461 644 2527 seeundum
673 2459 839 2538 fortunam,
877 2463 1017 2548 quando-

101 2566 160 2633 que
181 2549 250 2634 ipso
273 2551 339 2616 solo
371 2562 492 2634 agente,
529 2551 607 2616 siout
639 2569 710 2614 outn
750 2548 869 2616 fodiens
903 2566 1018 2618 terram

99 2636 215 2703 invenit
237 2639 417 2704 thesaurum
447 2641 666 2726 quiescentem3
704 2639 890 2725 quandoque
914 2653 1018 2706 autern

99 2727 219 2793 aotione
241 2727 365 2792 alterius
389 2748 499 2793 eaesae
522 2739 736 2804 oonourrente,
769 2727 848 2792 sieut
870 2749 941 2794 eum
965 2731 1020 2795 aii·

99 2817 165 2900 quis
190 2816 304 2880 vadens
328 2817 365 2881 ad
389 2815 502 2895 forum,
536 2837 627 2881 eausa
655 2814 779 2880 emendi
821 2817 949 2902 aliquid,
974 2820 1018 2883 in-

99 2907 180 2970 venit
203 2905 376 2970 debitorem
401 2925 493 2990 quern
518 2926 579 2970 non
616 2904 761 2969 credebat
796 2905 943 2970 invenire.
983 2909 1017 2974 in

98 2995 196 3078 primo
220 3009 324 3059 autem
348 3007 469 3072 eventu,
486 2995 580 3059 homo
605 2993 777 3078 adjuvatur,
794 2993 833 3057 ad
858 2995 917 3060 hoo
934 2997 1017 3082 quod

99 3081 213 3170 aliquid
236 3083 292 3148 sibi
318 3085 398 3147 bane
421 3084 587 3167 contingat,
626 3081 798 3146 seeundum
824 3081 883 3146 hoo
917 3085 1019 3150 solum

99 3171 182 3256 quod
204 3171 346 3256 dirigitur
367 3172 399 3235 in
422 3171 564 3256 eligendo
587 3171 663 3235 iliud
686 3171 736 3234 oui
758 3169 958 3255 conjunctum
973 3188 1018 3240 εει

100 3277 155 3343 per
170 3261 312 3326 accidens
343 3259 467 3346 aliquod
507 3259 720 3338 commodum,
757 3260 841 3346 quod
881 3264 1022 3347 provenit

103 3363 223 3430 praeter
262 3349 476 3416 intentionem.
516 3349 550 3413 in
584 3348 736 3414 seeundo
760 3362 862 3413 autem
898 3365 1021 3430 eventu,

103 3451 222 3521 oportet
243 3439 326 3527 quod
350 3453 479 3524 uterque
502 3458 597 3523 agens
620 3437 769 3522 dirigatur
791 3437 830 3502 ad
843 3437 1020 3524 eligendum

104 3526 253 3592 actionem
278 3527 326 3594 vel
349 3541 468 3594 motum
485 3527 567 3595 uude
591 3527 649 3593 sibi
674 3540 844 3593 occurrent.
