2494 3970
411 267 467 313 utu.
492 269 532 313 ut,
557 268 621 314 ctu.
646 267 714 312 utu.
979 245 1021 312 tu

107 334 335 422 probatum·est
358 336 393 420 (Ι.
418 338 449 418 ι,
471 357 498 402 ε.
521 337 590 423 ii).
613 335 725 402 Omniu
748 334 841 419 igitur
876 333 1023 400 ordinan-

106 442 153 491 tur
174 425 254 492 sieut
275 425 307 490 io
330 423 424 492 finem
448 427 479 490 iu
500 447 596 491 uuum
620 426 751 512 bopum,
767 423 852 510 quod
865 437 910 489 est
926 424 1020 490 Dens.
1081 471 1084 476 -

167 513 256 593 item,
279 513 370 597 Quod
392 527 437 580 est
460 516 629 580 maximum
652 516 683 580 in
707 532 895 606 upoquoque
928 532 1022 599 geue·

104 621 136 667 re
161 621 254 668 eausa
277 616 322 669 εει
345 604 484 669 omnium
508 603 632 672 illorum
656 624 736 690 quoe
758 615 829 668 suut
851 600 931 666 illius
968 621 1022 686 ge-

101 691 195 767 neris;
216 691 296 757 siout
317 692 397 776 ignis
419 693 472 780 qui
495 707 541 758 εει
563 691 766 758 calidissimus
789 701 835 756 εει
857 710 948 756 eausa
970 711 1021 756 oa-

100 779 227 846 liditatis
244 780 273 844 iu
298 780 364 846 aliis
387 781 578 868 corporibus.
602 780 765 846 Summum
789 779 881 864 igitur
893 778 1022 858 bouum,
1072 823 1082 853 .

100 867 187 953 quod
210 884 259 933 est
282 869 377 949 Deus,
400 886 445 936 εει
468 891 561 936 eausa
583 870 728 936 honitatis
742 872 775 934 in
798 867 943 934 omnibus
966 868 1021 934 bo·

100 958 159 1022 nis.
185 956 266 1042 Ergo
282 973 312 1023 et
334 973 380 1025 est
403 980 494 1024 eausa
518 958 680 1044 cujustibet
702 958 772 1025 finis
794 957 878 1044 quod
911 959 951 1023 sit
987 958 1022 1024 fi·

101 1047 149 1110 uis
174 1047 239 1131 (i),
272 1067 344 1113 oum
376 1048 529 1137 quidquid
552 1061 598 1113 εει
613 1047 683 1112 fluis
706 1049 745 1112 sit
779 1045 957 1131 hujusmodi
990 1048 1021 1112 in

100 1149 252 1219 quantum
265 1149 312 1200 εει
325 1136 454 1202 bouum.
477 1137 606 1224 Propter
628 1135 711 1222 quod
736 1149 839 1201 autem
855 1150 1021 1202 estunutn·

99 1226 259 1310 quodque,
283 1239 313 1290 et
335 1225 524 1311 iliudmagis
546 1227 609 1312 (ἢ).
644 1226 727 1291 Deus
761 1226 854 1310 igitur
887 1225 1021 1290 maxime

98 1325 145 1376 est
168 1315 310 1378 omnium
333 1335 439 1380 rerum
462 1315 541 1380 finis.

165 1401 481 1490 Adhuo,inqttoiibet
501 1421 615 1488 genere
638 1423 815 1482 causarum,
842 1421 933 1468 eausa
957 1402 1018 1488 pri-

97 1505 209 1555 maest
226 1494 322 1576 tnagis
333 1513 424 1558 causa
436 1513 529 1579 quarn
543 1491 788 1568 oausnseoundu3
822 1511 896 1556 narn
928 1511 1020 1556 eausa

98 1580 237 1644 secunda
250 1601 312 1646 nou
325 1595 370 1647 εει
385 1602 477 1646 ceusu
494 1581 550 1646 uisi
564 1601 620 1667 per
634 1600 759 1646 oausam
775 1580 918 1667 primaru.
942 1579 1020 1644 tttuu

99 1669 195 1752 igitur
206 1669 288 1753 quod
306 1684 351 1735 εει
366 1691 457 1737 causa
470 1670 568 1756 prima
585 1671 616 1734 iu
630 1669 740 1734 ordine
762 1689 926 1734 causarum
943 1668 1019 1733 iiua-

98 1756 176 1822 lium
202 1772 322 1845 oportet
344 1761 427 1845 quod
451 1761 489 1824 sit
513 1759 610 1843 magis
626 1779 718 1824 eausa
741 1757 842 1822 fiuniis
857 1756 1020 1844 cujuslibet

99 1865 197 1930 quam
221 1867 312 1912 eausa
352 1848 452 1914 tiuaiis
474 1849 624 1935 proxime.
647 1847 709 1911 Sed
733 1846 817 1912 Deus
839 1859 885 1911 εει
922 1847 1020 1931 primu

98 1955 194 2000 oense
217 1936 248 1999 iu
271 1935 380 2002 ordine
403 1957 565 2002 causarum
589 1935 740 2015 tiuaiiuur,
774 1955 845 2001 euru
875 1935 914 1999 sit
936 1954 1021 2000 sum·

99 2044 190 2089 muru
212 2025 243 2090 iu
268 2025 377 2092 ordine
400 2026 564 2091 bonorum.
589 2026 639 2090 Est
662 2026 756 2110 igitur
779 2023 876 2108 magis
900 2023 969 2090 iiuis
985 2043 1021 2087 u·

97 2113 323 2201 uiuscujusque
346 2117 390 2180 rei
424 2135 517 2201 quum
555 2113 664 2200 aliquis
678 2113 750 2178 tiuis
770 2113 929 2200 proximus
958 2113 1018 2196 (5).

166 2203 316 2288 Atppiios,
339 2203 373 2268 ln
396 2203 542 2269 omuibus
564 2203 678 2268 finibus
716 2201 864 2267 ordinatis
899 2215 1021 2288 oportet

97 2290 185 2375 quod
209 2293 335 2358 uititnus
358 2294 426 2358 finis
449 2294 488 2358 sit
510 2291 581 2357 linis
604 2291 745 2357 omniurn
768 2287 1020 2376 praecedentium

98 2380 221 2458 tioium3
244 2382 333 2454 sieut.
354 2384 379 2446 si
403 2383 486 2468 potio
508 2379 671 2446 ooniioitur
693 2393 727 2445 ut
755 2381 846 2444 detur
878 2389 1020 2464 ¹'ttegrotu

99 2468 191 2534 datur
214 2483 317 2535 autern
343 2484 376 2535 ut
398 2483 557 2557 purgetur,
579 2482 729 2557 purgatur
752 2481 856 2534 autem
880 2479 914 2532 ut
935 2480 1021 2534 exte·

97 2570 225 2637 noetur,
246 2573 427 2624 extenuatur
449 2575 554 2625 autent
576 2574 611 2624 ut
632 2570 768 2636 sanetur,
792 2569 913 2644 oportet
935 2555 1019 2643 quod

99 2648 215 2712 sanitas
238 2648 277 2712 sit
300 2648 370 2713 finis
393 2661 423 2713 et
460 2647 684 2714 extenuationis
707 2659 737 2712 et
777 2646 968 2734 purgationis
991 2659 1022 2710 et

99 2734 233 2802 aliorum
249 2737 509 2823 praecedentium.
525 2737 587 2804 Sed
599 2735 703 2802 omnia
718 2735 917 2800 inveniuntur
931 2733 963 2798 in
976 2733 1021 2798 di·

100 2825 196 2890 versis
223 2826 380 2910 'gradibus
417 2825 561 2892 bonitatis
598 2825 738 2891 ordinata
760 2823 819 2890 sub
851 2843 914 2888 uno
936 2841 1021 2888 suut·

98 2932 153 2978 ruo
177 2912 269 2994 bono,
293 2915 377 3001 quod
400 2929 445 2980 est
467 2914 683 2986 oausaomuis
714 2911 869 2990 bonitatis;
892 2930 928 2976 ao
965 2932 1021 2998 per

152 3050 247 3118 (Ι)Εει
265 3069 346 3105 causo
363 3051 579 3122 cujuslibetfiuis
599 3051 667 3120 quod
688 3051 724 3102 sit
755 3047 829 3124 finis,
861 3047 878 3099 i.
908 3061 930 3100 e.
951 3043 1021 3100 Deus

97 3129 138 3174 est
153 3139 231 3176 rausa
250 3139 302 3193 qua
322 3125 433 3194 quilibet
442 3121 502 3175 finis
514 3129 554 3174 est
563 3121 632 3176 finis.

153 3194 197 3265 ιῖι
215 3195 249 3246 Et
267 3195 337 3248 iilud
353 3197 438 3266 inopis
457 3194 550 3264 supple
568 3199 607 3246 est
623 3193 694 3264 finis.

156 3264 195 3333 (tt)
213 3267 326 3318 Attouda
344 3267 404 3320 hoio
423 3267 566 3336 principio·
578 3265 664 3319 Causa
683 3262 768 3332 prima
783 3265 822 3314 est
841 3259 923 3328 magis
940 3275 1018 3326 cause

99 3353 178 3408 quern
207 3352 286 3390 causa
312 3339 436 3404 seeundo,
454 3353 515 3390 cum
533 3334 653 3406 (utiufra
669 3333 781 3404 patebit)
796 3339 903 3386 suuntus
919 3331 1017 3386 Ductor

99 3409 147 3461 hoo
166 3413 306 3480 praecipue
325 3416 416 3462 utatur
433 3409 466 3460 ad
484 3407 622 3462 solvendas
641 3406 766 3458 maximus
784 3411 851 3474 quae
879 3410 1017 3455 morentur

98 3479 264 3533 difficultates
282 3479 314 3532 de
333 3479 508 3551 providentie,
526 3477 558 3532 de
577 3478 661 3548 gratia
679 3477 767 3530 divino
786 3483 812 3529 et
830 3475 862 3528 de
879 3475 961 3528 libero
975 3475 1017 3526 tro·

101 3553 176 3613 minis
195 3551 315 3605 arbitrio.
361 3571 382 3582 ⁴·
626 3567 628 3570 ·
