2494 3970
466 265 522 312 un.
548 263 589 309 ru.
613 260 677 307 etr.
699 261 750 307 tu.
997 246 1039 310 59

120 347 204 401 tanto
225 344 271 400 est
294 332 398 400 minus
433 333 568 421 potantia
602 330 749 416 frigidum
783 344 899 418 quanto
934 334 965 399 in
1000 355 1039 399 eo

116 425 215 508 magis
238 422 321 488 calor
344 435 484 507 angetur.
508 421 699 488 Diminuitur
722 419 814 505 igitur
838 421 955 488 bonum
983 443 1040 510 per

114 513 246 591 malum,
268 513 366 596 magis
390 511 577 600 apponendo
588 509 779 578 contrarium
792 529 886 596 quam
903 510 1039 578 debono

114 600 233 688 aliquid
255 599 477 676 subtrabend0;
500 600 700 687 quodetiam
723 598 867 664 convenit
889 599 936 665 his
959 622 1040 687 quae

107 691 197 756 -dieta
209 702 280 756 sunt
292 688 331 754 de
344 688 438 755 malo.
451 689 593 754 Diximus
606 688 689 753 enim
703 685 787 774 quod
804 687 921 753 malum
934 689 1040 756 incidit
1141 703 1145 710 ·

111 792 237 866 praeter
259 778 460 844 intentionem
487 779 617 862 agentis,
641 777 725 863 quod
748 796 873 862 semper
910 777 1040 843 intendit

110 865 240 954 aliquod
263 866 395 946 bonum,
418 867 457 932 ad
480 867 564 953 qood
588 865 728 954 sequitur
750 865 885 931 exclusio
913 866 1040 932 alterius

110 957 187 1023 boni
211 955 296 1042 quod
320 970 365 1022 est
389 957 418 1022 ei
448 957 634 1042 oppositum.
675 954 799 1036 Quanto
833 954 926 1039 igitur
964 956 1040 1022 illud

111 1047 234 1112 bonum
258 1045 297 1110 ad
320 1045 404 1132 quod
428 1059 550 1132 praeter
571 1045 775 1110 intentionem
799 1044 917 1129 agentis
939 1047 1040 1132 sequi·

112 1149 165 1200 tur
189 1134 306 1200 malum
330 1135 429 1218 magis
452 1133 681 1222 multiplicatur,
720 1145 804 1198 tanto
827 1133 962 1219 potentia
1000 1135 1040 1200 ad

76 1285 87 1308 ,
112 1225 234 1290 bonum
258 1224 447 1290 contrarium
471 1223 653 1288 diminuitur
688 1221 799 1307 magis:
821 1235 852 1286 et
874 1222 917 1288 sic
941 1225 1039 1308 magis

111 1333 170 1399 per
207 1311 325 1377 malum
364 1313 475 1378 dicitur
508 1312 639 1376 diminui
673 1310 802 1376 bonum.
835 1309 917 1376 llaec
947 1313 1040 1396 igitur

112 1402 279 1468 diminutio
313 1402 387 1468 boni
410 1421 466 1488 per
487 1400 606 1466 malum
630 1420 693 1464 non
716 1411 817 1486 potest
839 1399 870 1464 in
894 1399 1039 1466 naturali·

110 1490 172 1557 bus
197 1491 228 1554 in
253 1489 407 1555 infinitum
431 1488 611 1576 procedere,
634 1509 707 1554 nam
730 1487 849 1553 formae
883 1490 1038 1554 naturales

111 1594 143 1645 et
166 1580 296 1645 virtutes
319 1599 428 1645 omnes
452 1578 632 1644 terminatae
655 1589 737 1655 sunt,
753 1589 784 1641 et
800 1577 982 1663 perveniunt
998 1580 1037 1643 ad
1076 1646 1080 1660 ,

109 1670 249 1756 aliquem
272 1668 440 1732 terminum
465 1667 544 1732 ultra
568 1687 662 1753 quern
685 1665 799 1752 porrigi
822 1685 884 1730 non
898 1682 1037 1752 possunt;

108 1779 175 1823 non
214 1769 313 1844 potest
345 1757 442 1841 igitur
477 1775 580 1842 neque
607 1754 708 1820 forma
743 1755 845 1840 aliqua
883 1757 1036 1822 contraria

107 1867 215 1934 neque
240 1847 335 1911 virtus
358 1845 501 1912 contrarii
525 1845 644 1930 agentis
667 1844 699 1908 in
733 1843 887 1909 inlinitum
918 1847 1035 1929 augeri.

109 1950 145 2000 ut
169 1957 208 2001 ex
231 1935 291 2000 hoc
313 1947 459 2020 sequatur
495 1934 526 1998 in
565 1933 720 1998 inlinitum
757 1933 921 2000 diminutio
961 1934 1035 2000 boni

108 2045 169 2112 per
192 2025 320 2090 malum.
344 2024 377 2089 ln
401 2023 571 2096 moralibus
597 2037 700 2088 autern
724 2034 824 2110 potest
857 2023 914 2089 ista
944 2023 1035 2089 dimi-

109 2114 240 2180 nutioin
264 2113 418 2180 inlinitum
442 2111 619 2198 procedere;
643 2131 715 2176 nam
738 2110 910 2176 intellectus
934 2125 962 2176 et
985 2135 1037 2178 vo-

109 2203 215 2269 luntas
237 2203 268 2268 in
292 2203 355 2268 suit
378 2202 495 2268 actibus
518 2201 667 2266 terminos
702 2221 764 2264 non
788 2198 912 2277 hebeno
937 2216 1036 2286 potest

111 2294 198 2358 enim
223 2291 397 2356 intellectus
421 2288 622 2373 intelligendo
639 2290 669 2353 in
686 2288 839 2353 inlinitum
856 2290 1035 2374 procedere,

109 2380 197 2446 unde
220 2379 455 2446 mathematicae
468 2397 671 2444 numerorum
694 2377 812 2462 species
824 2390 855 2441 et
866 2378 1035 2462 figurarum

109 2469 252 2534 inlinitae
277 2468 431 2543 dicuntur,
454 2481 484 2532 et
507 2466 649 2532 similiter
672 2465 813 2530 voluntas
836 2469 867 2530 io
901 2468 1034 2534 volendo

110 2558 144 2622 in
168 2557 324 2622 infinitum
347 2557 498 2643 procedit;
520 2557 572 2642 qui
597 2555 681 2620 enim
706 2553 769 2620 uult
800 2552 916 2620 lurtum
952 2559 1036 2622 corn-

109 2647 234 2712 mittere
255 2659 357 2732 potest
379 2646 492 2710 iterum
516 2645 594 2710 velle
616 2657 648 2708 et
670 2641 754 2708 alind
777 2645 983 2724 committere,
1006 2660 1037 2712 et

111 2737 157 2800 sic
180 2736 211 2800 in
234 2733 398 2800 inlinitum.
423 2734 546 2816 Quanto
570 2746 674 2797 autem
699 2731 840 2796 voluntas
863 2735 962 2816 magis
1002 2736 1033 2800 in

111 2819 191 2888 fines
213 2823 366 2889 indebitos
388 2823 496 2902 tendit,
518 2835 602 2886 tanto
626 2819 778 2887 difficilius
801 2819 880 2886 redit
896 2822 936 2886 ad
965 2844 1035 2909 pro·

113 2913 217 2998 prium
255 2924 286 2976 et
322 2910 481 2981 debiturn¹
501 2911 608 2988 lineum
640 2910 724 2997 quod
763 2921 845 2995 patet
870 2910 901 2974 in
927 2910 973 2975 ltis
1005 2913 1035 2976 in

112 3001 236 3087 quibus,
259 3022 316 3087 per
339 2999 487 3087 peccandi
512 3000 781 3073 consuetudinem,
802 2996 867 3082 jam
900 3011 946 3064 est
980 3000 1035 3064 lta·

111 3089 194 3154 bitus
218 3090 360 3156 vitiorum
386 3088 539 3154 inductus.
576 3088 609 3152 ln
646 3088 800 3153 inlinitum
838 3086 943 3170 igitur,
981 3108 1036 3175 per

112 3178 230 3244 malum
253 3179 359 3258 moris,
382 3178 499 3244 bouum
523 3175 669 3244 naturalis
692 3174 871 3262 aptitudinis
894 3176 1034 3244 deminui

113 3280 224 3353 potest,
247 3288 408 3354 nunquam
433 3280 537 3331 tamen
560 3265 694 3329 totaliter
717 3264 852 3344 tolletur,
875 3266 930 3332 scd
952 3287 1035 3333 sem·

114 3375 171 3442 per
193 3369 336 3424 naturam
358 3367 572 3422 remanentem
594 3353 768 3418 comitatur.
