2462 3968
371 253 706 300 tacitaetacitae.
935 238 996 304 951
1059 225 1068 258 ⁸

88 341 199 390 comm.
223 320 265 387 la
281 317 304 406 ).
328 319 359 386 Si
383 322 475 407 igitur
497 343 628 412 corpora
651 324 792 390 caelestia
828 345 890 392 non
928 345 1001 428 ppa-

86 425 155 478 sunt
178 411 357 498 imprimere
381 411 496 477 directe
519 414 549 477 in
574 413 762 479 intellectum
793 428 945 491 nostrum,
969 430 1003 482 ut

87 513 245 565 ostensum
269 511 315 564 est
337 499 389 583 (c.
414 500 491 583 st),
514 521 614 588 neque
636 503 729 567 etiarn
753 503 784 568 iu
812 502 1001 572 voluntatem

85 603 220 654 nostram
244 587 359 653 directe
382 589 560 675 imprimere
584 603 737 676 poterunt.

148 677 298 763 Amplius,
322 675 431 742 Omnis
454 679 563 743 electio
586 693 616 744 et
639 679 769 744 actualis
806 677 947 744 uoluntas
970 681 1002 746 in
1051 698 1054 704 ’

84 765 171 832 nobis
196 765 373 831 immediate
396 785 433 831 ex
456 767 700 852 apprehensione
722 766 918 832 intellectuali
930 789 1002 834 cau·

84 867 177 932 satur;
205 855 321 920 honum
346 854 429 920 enim
454 855 641 921 intellectum
677 867 723 922 est
761 854 914 940 objectum
953 878 1002 922 vo·

83 941 218 1022 luntatis3
242 957 275 1008 nt
296 956 378 1030 patet
400 943 432 1008 in
456 945 544 1009 tertio
567 944 606 1008 de
629 945 737 1010 Anima
760 944 862 1032 (text.
888 965 1002 1012 comm.

85 1032 120 1096 51
138 1036 162 1114 l,
186 1046 218 1096 et
241 1044 365 1119 propter
388 1031 447 1097 hoc
470 1053 533 1097 non
563 1047 663 1119 potest
693 1035 793 1119 sequi,
820 1035 1002 1120 perversitas

84 1119 113 1184 in
147 1120 304 1204 eligendo,
342 1120 399 1184 nisi
434 1121 605 1186 intellectus
638 1121 788 1207 judicium
825 1121 946 1188 deficiat
969 1125 1001 1188 in

83 1209 257 1294 particulari
269 1208 406 1294 eligibili,
429 1222 461 1275 ut
483 1224 565 1296 patet
592 1231 647 1296 per
685 1211 907 1298 Philosophum
932 1212 997 1300 (E-

83 1298 150 1363 thic.
175 1299 208 1377 7,
229 1317 256 1362 e.
280 1298 339 1380 5).
364 1295 499 1385 Corpora
523 1312 626 1364 autem
661 1299 802 1364 caelestia
842 1320 903 1364 nou
927 1314 1000 1366 sunt

82 1405 190 1451 causae
214 1386 432 1470 intelligentiae
466 1402 597 1452 nostrae.
636 1387 715 1472 Ergo
751 1407 808 1454 nec
841 1388 999 1454 electionis

84 1487 204 1540 nostrae
228 1488 355 1562 possunt
378 1495 446 1540 esse
480 1483 600 1540 causae.

148 1564 240 1640 laem,
270 1563 494 1650 Quaecumque
527 1584 564 1630 ex
600 1564 802 1650 impressione
835 1584 1001 1652 corporum

84 1651 258 1718 caelestium
282 1653 313 1717 in
337 1653 401 1718 istis
424 1652 620 1718 inferioribus
642 1653 787 1718 eveniunt
821 1655 1001 1720 naturaliter

84 1742 272 1824 contingunt,
296 1761 366 1806 curn
392 1741 467 1807 hacc
490 1740 635 1806 inferiora
658 1743 717 1807 sint
740 1742 919 1808 naturaliter
942 1745 1000 1810 suh

82 1827 138 1894 illis
160 1829 310 1895 ordinata.
333 1829 365 1894 Si
388 1849 463 1914 ergo
489 1831 655 1895 electiones
690 1844 813 1895 nostrae
849 1833 1001 1898 eveniunt

84 1935 117 1982 er
139 1918 343 2004 impressione
366 1939 530 2006 corporum
558 1918 748 1997 caelestium,
771 1933 891 2006 oportet
915 1922 999 2007 quod

83 2008 260 2072 naturaliter
283 2009 433 2086 eueniant,
462 2022 495 2073 ut
518 2008 633 2074 seilicet
655 2008 698 2072 sic
714 2007 808 2073 homo
822 2011 1001 2076 naturaliter

83 2093 171 2180 eligat
196 2097 320 2182 operari
346 2116 416 2161 suas
440 2097 636 2182 operationes
673 2097 751 2161 sieut
787 2099 918 2163 naturali
955 2100 1001 2164 in-

84 2185 191 2250 stinctu
216 2188 303 2252 bruta
327 2197 494 2271 operantur
517 2198 547 2249 et
570 2185 749 2250 naturaliter
782 2205 912 2272 corpora
935 2187 1001 2252 ina·

85 2271 197 2337 rimata
221 2287 394 2338 moventur.
416 2273 485 2338 Nou
509 2293 584 2358 ergo
608 2286 699 2338 erunt
736 2276 925 2361 propositum
949 2277 1000 2361 (l)

86 2373 114 2423 et
136 2375 244 2426 natura
268 2362 330 2428 duo
354 2362 502 2448 principia
526 2363 647 2447 agentia
671 2361 725 2427 sed
749 2383 846 2428 unum
871 2376 1000 2440 tantum,

86 2451 167 2532 quod
188 2463 234 2515 est
258 2464 376 2527 natura;
415 2449 502 2536 cujus
540 2447 728 2516 contrarium
752 2465 834 2536 patet
856 2471 912 2538 per
933 2453 1000 2519 hri-

86 2539 225 2604 stotelem
249 2544 263 2626 (
281 2539 412 2625 Physic,
424 2540 455 2614 h,
478 2551 549 2604 tert.
561 2559 674 2604 comm.
692 2540 734 2604 49
747 2534 769 2620 ).
787 2540 854 2604 llou
867 2553 912 2606 est
925 2561 1000 2626 ergo

85 2643 188 2692 uerum
223 2627 305 2713 quod
330 2648 367 2693 ex
391 2629 592 2714 impressione
616 2648 783 2716 corporum
820 2629 999 2695 caelestium

85 2729 204 2780 nostrae
227 2716 392 2781 electiones
423 2717 611 2802 proueniant.

147 2804 320 2883 Praeterea,
345 2805 384 2868 Ea
408 2825 487 2889 quae
512 2805 694 2871 naturaliter
733 2804 823 2882 fiunt,
855 2803 1001 2870 determi-

84 2891 157 2957 natis
181 2893 290 2957 mediis
314 2892 525 2979 perducuntur
548 2892 586 2956 ad
610 2893 715 2972 linem3
755 2893 838 2958 uude
876 2913 1002 2980 semper

84 2989 112 3044 et
135 2981 245 3046 eodem
269 2982 363 3046 modo
387 2981 579 3065 contingunt:
603 2997 712 3048 natura
747 2983 830 3048 enim
854 2982 1000 3048 determi-

84 3081 150 3134 nata
174 3085 219 3136 est
243 3070 281 3134 ad
306 3091 417 3136 unum.
441 3069 610 3134 Electiones
635 3085 739 3136 autem
776 3071 931 3136 humanae
955 3071 1001 3136 di-

86 3158 176 3224 versls
200 3159 309 3224 mediis
332 3159 462 3224 tendunt
484 3158 522 3222 ad
546 3157 653 3238 linem,
677 3173 737 3224 tant
776 3159 807 3223 in
830 3159 1002 3228 moralibus

87 3260 176 3326 quatu
199 3249 231 3312 in
258 3247 477 3314 artificialibus.
505 3246 572 3312 Nou
597 3247 1002 3334 igitarelectioneshuma·
1071 3257 1073 3262 '

85 3349 140 3398 nae
163 3335 240 3400 liunt
262 3335 449 3400 naturaliter.

136 3476 173 3544 (l)
191 3477 364 3548 Propositum,
383 3479 400 3533 i.
419 3493 441 3531 c.
460 3481 530 3551 quod
548 3481 598 3536 sihi
625 3481 773 3554 eligendum
803 3481 925 3538 voluutas
939 3499 1002 3554 pro-

87 3548 164 3616 ponit,
177 3565 223 3604 seu
242 3549 302 3603 fluis
320 3550 459 3604 electionis.
