2452 3970
206 211 269 276 llil
514 232 568 276 ua.
596 233 639 276 ur.
663 231 729 276 car.
753 231 808 276 mr.

203 299 346 386 probibet
369 297 398 364 id
433 299 515 387 quod
538 313 585 365 est
622 316 759 366 creatum
799 299 889 365 alicui
925 299 968 364 rei
1007 313 1133 365 creatae

203 388 402 454 connaturale
425 411 504 461 esse,
528 391 638 476 poterit
667 389 776 475 aliquis
799 388 971 454 intellectus
1009 404 1134 454 creatus

203 498 271 542 csse
294 479 347 562 qui
370 499 427 542 suo
450 479 641 544 connaturali
672 478 789 542 lunaine
828 477 963 542 divinam
987 478 1135 541 substan-

202 568 274 631 tiam
290 566 413 646 videbit3
438 575 526 653 cujus
549 568 737 632 contrarium
754 581 912 632 ostensum
929 579 975 632 εει
992 569 1034 652 (c.
1062 567 1134 647 bl).

269 655 417 742 Amplius,
442 656 608 733 infinitum,
632 656 815 742 inquantum
855 655 1045 740 hujusmodi,
1083 655 1135 718 in-

202 745 359 830 cognitum
381 760 436 812 cst.
460 743 626 810 Osteusum
649 758 753 810 autem
777 757 823 810 cst
856 745 869 825 (
886 744 905 810 l.
938 744 968 822 l,
1005 764 1031 808 c.
1056 743 1133 829 ld)

200 834 303 900 Deum
328 855 395 899 csse
418 833 583 900 infinitum.
606 833 673 898 Non
698 835 792 919 igitur
816 845 915 919 potest
939 833 1041 898 divina
1057 833 1134 898 sub·

200 923 310 987 stantia
334 943 389 1008 per
412 923 518 988 lumen
542 923 733 1010 praedictum
759 920 864 986 videri.

267 1011 385 1090 Adbuc,
414 1010 540 1099 Oportet
562 1032 632 1076 esse
666 1010 897 1098 proportionem
934 1009 1137 1094 intelligentis

201 1100 239 1164 ad
264 1120 330 1165 rem
354 1101 548 1166 intellectam.
572 1101 639 1165 Non
663 1114 707 1166 est
733 1114 835 1164 autem
852 1098 953 1182 aliqua
971 1100 1134 1185 proportio

201 1188 371 1254 intellectus
394 1191 498 1266 creati,
522 1189 638 1254 lumine
662 1189 821 1276 praedicto
844 1188 981 1274 perfecti,
995 1188 1033 1252 ad
1055 1188 1137 1252 sub·

199 1278 341 1342 stantiam
367 1277 514 1356 divinam,
547 1299 618 1343 cum
656 1279 768 1356 udlauo,
791 1291 950 1344 remaneat
988 1277 1137 1341 distantia
1217 1289 1218 1294 ’

198 1366 325 1431 infinita.
349 1366 417 1432 Non
441 1379 540 1454 potest
563 1368 656 1450 igitur
680 1367 851 1432 intellectus
874 1379 996 1430 creatus
1020 1365 1058 1429 ad
1085 1365 1137 1430 di·

198 1455 301 1608 qnam
326 1456 526 1522 substantiam
562 1454 726 1522 ridendam
765 1476 820 1543 per
858 1453 964 1520 lumen
1004 1453 1137 1540 aliquod

199 1564 321 1609 cerari.

265 1633 306 1698 Ex
330 1632 507 1718 hujusmodi
531 1645 633 1697 autem
659 1632 827 1698 rationibus
849 1631 941 1717 aliqui
967 1634 1042 1696 moti
1058 1647 1138 1697 sunt

199 1721 237 1785 ad
262 1723 440 1808 ponendum
465 1721 549 1808 quod
573 1719 675 1784 divina
699 1721 869 1786 substantia
894 1740 1053 1806 nunquam
1092 1721 1136 1785 ab

201 1811 303 1896 aliquo
326 1811 482 1876 intellectu
505 1824 610 1874 creato
646 1809 775 1874 uidetur.

265 1898 352 1980 Quae
365 1899 490 1982 quidem
506 1899 615 1983 positio
638 1913 668 1962 et
693 1919 797 1964 veram
821 1908 980 1962 creaturae
996 1899 1136 1962 rationa-

198 1987 234 2050 lis
258 1987 480 2052 beatitudinem
505 1987 593 2066 tollit,
616 2007 695 2072 quac
720 2009 781 2052 uon
805 1999 902 2073 potest
926 2007 993 2052 esse
1018 1989 1074 2050 uisi
1100 1988 1137 2050 in

196 2076 313 2141 risione
339 2075 461 2142 divinae
484 2075 683 2155 substantiae,
698 2088 731 2140 ut
753 2090 910 2142 ostensum
925 2076 1035 2161 est(c.
1051 2075 1087 2140 51
1109 2077 1137 2159 ),
1220 2135 1221 2142 ,

161 2163 227 2228 ἐι
251 2166 425 2230 auctoritati
465 2185 570 2230 sacrae
610 2165 786 2251 Scripturac
821 2163 1014 2244 contradicit,
1039 2179 1071 2228 ut
1092 2187 1137 2230 ex
1220 2189 1221 2194 ¹

195 2253 405 2338 superioribus
429 2266 520 2338 patet;
546 2253 628 2321 unde
645 2267 803 2339 tamquam
828 2252 902 2319 falsa
927 2267 957 2318 ct
975 2253 1135 2319 haeretica
1220 2283 1221 2288 ¹

197 2341 366 2428 abjicienda
389 2356 444 2408 est.

263 2430 406 2496 Rationes
418 2445 521 2496 cartem
535 2429 706 2516 praedictas
718 2451 781 2494 non
796 2428 922 2494 difficile
936 2445 981 2496 est
997 2431 1134 2496 solvere.

262 2518 371 2584 Divina
395 2521 477 2586 enim
500 2519 668 2584 substantia
691 2539 754 2583 non
777 2519 820 2583 sic
843 2532 889 2583 cst
923 2533 1007 2584 extra
1032 2519 1132 2584 facul-

197 2623 289 2674 tatem
313 2609 483 2674 intellectus
509 2609 603 2672 creati
627 2609 713 2694 quasi
737 2606 850 2694 aliquid
875 2607 1002 2673 omnino
1027 2622 1131 2672 extra·

196 2719 290 2762 neum
314 2698 353 2762 ab
376 2699 453 2784 ipso,
476 2697 554 2762 sicut
577 2710 622 2761 cst
645 2717 739 2762 sonus
762 2697 861 2760 arisu
885 2697 932 2762 vel
955 2697 1128 2762 substantia

196 2786 405 2852 immaterialis
430 2807 447 2850 a
470 2805 564 2852 sensu
588 2787 690 2870 (nam
716 2785 780 2870 ipsa
818 2784 921 2850 divina
956 2785 1129 2850 substantia

195 2890 241 2940 est
264 2877 398 2962 primum
422 2874 612 2958 intelligibile
636 2887 666 2938 et
698 2875 789 2938 totius
828 2873 1042 2938 intellectualis
1076 2895 1129 2939 co-

195 2963 339 3048 gnitionis
363 2964 547 3051 principium
564 2964 591 3047 );
614 2962 669 3028 scd
693 2977 738 3028 est
768 2975 854 3026 extra
878 2961 1055 3028 facultatem
1079 2963 1127 3026 in-

197 3053 335 3120 tellectus
357 3053 450 3118 creati
473 3053 550 3138 sicut
573 3051 725 3140 excedens
755 3051 898 3118 virtutem
937 3057 1014 3136 ejus,
1048 3051 1128 3116 sicut

194 3142 373 3206 excellentia
397 3140 589 3206 sensibilium
613 3152 683 3204 sunt
721 3151 805 3204 extra
844 3137 1020 3206 facultatem
1054 3159 1125 3204 sen·

194 3252 296 3294 suurn:
332 3229 414 3293 uude
449 3243 479 3294 et
512 3228 717 3314 Philosophus
747 3225 950 3312 (Metapbys.,
986 3229 1018 3304 ⁶2,
1053 3243 1124 3293 tort.

194 3340 306 3382 comm.
332 3319 381 3404 7)
406 3317 477 3382 dicit
501 3321 584 3403 quod
608 3316 778 3380 intellectus
817 3329 921 3380 noster
958 3335 992 3380 sc
1031 3317 1125 3382 babet

195 3408 360 3475 adrerum
385 3405 630 3476 manifestissima
665 3406 743 3470 sicut
776 3404 882 3470 oculus
921 3417 1052 3470 noctuae
1085 3407 1123 3470 ad

192 3497 291 3564 lucem
331 3495 417 3565 solis.
458 3493 574 3579 indiget
612 3494 705 3578 igitur
744 3492 909 3564 confortari
949 3492 1125 3562 iutellcctus
