2514 3972
229 223 295 288 tor
537 241 592 286 ιιι.
617 241 657 286 ιιι.
681 239 744 292 ιιι.
769 239 838 284 ern.

225 309 321 374 tendit
344 309 382 374 ed
407 309 521 374 molum
547 309 602 374 nisi
628 330 683 398 per
706 309 858 374 accidens.
883 306 949 374 Non
973 308 1066 394 igitur
1090 311 1149 378 ltu·

222 398 360 484 jusmodi
396 399 616 464 intellectuales
648 397 837 464 substantiae
871 411 942 463 sunt
975 401 1151 468 seeundum

224 509 312 554 suam
338 501 478 554 naturam
503 489 615 552 malae.
1033 521 1039 534 ·

291 577 419 650 Adnue·
446 577 602 662 Quidquid
637 587 683 640 εει
721 575 751 639 in
786 573 880 642 rebus
914 590 1033 660 oportet
1064 578 1152 666 quod

226 685 317 730 causo
342 665 390 730 vel
413 680 570 732 causatum
597 666 645 741 siu
680 663 827 749 alioquin,
850 663 889 728 ad
911 665 968 729 ulia
1004 666 1150 733 ordinem

226 775 288 820 ιιοιι
313 746 472 821 haberent.
496 755 555 820 Aut
570 755 662 839 igitur
679 752 856 838 hujusmodi
872 752 1062 820 substantiae
1079 770 1154 822 sunt

225 863 336 908 causae
360 857 479 908 tentum
515 857 568 906 aut
595 843 695 908 ,etiam
729 857 862 907 causata.
897 879 940 890 ..
974 843 1006 908 Si
1038 865 1154 910 causae

226 946 355 996 tantum:
381 932 496 996 malum
529 946 632 996 autem
657 951 720 996 non
745 944 845 1016 potest
880 951 949 996 esse
972 953 1064 1000 eausa
1100 935 1155 998 ali·
1243 947 1244 956 ’

226 1019 313 1105 etrjus
332 1022 394 1086 nisi
419 1042 474 1106 ρει
497 1020 650 1097 accidens,
673 1034 820 1104 utsupra
846 1025 885 1109 (e.
914 1021 967 1104 ll)
990 1035 1153 1088 ostensum

226 1123 283 1185 esu
306 1130 398 1174 omne
423 1124 525 1174 autom
557 1109 641 1196 quod
676 1122 723 1174 est
762 1129 815 1195 ρει
849 1108 990 1176 aeeidens
1027 1125 1153 1198 oportet

227 1198 331 1262 reduoi
357 1199 394 1264 ad
419 1199 448 1262 id
472 1200 554 1285 quod
589 1211 634 1262 est
659 1219 714 1283 ρει
737 1217 780 1272 εε;
804 1212 925 1276 οροιιει
948 1200 1043 1283 igitur
1066 1200 1153 1286 quod

227 1287 258 1350 in
281 1287 326 1350 eis
349 1289 386 1352 sit
408 1289 491 1352 aliud
516 1289 599 1372 ριίιιε
614 1307 706 1372 quum
724 1305 833 1350 eorum
852 1287 980 1363 malitia,
998 1309 1053 1375 ρει
1068 1290 1154 1376 quod

227 1375 288 1440 sint
311 1395 431 1442 causae.
458 1379 597 1450 Primum
621 1389 724 1462 autem
750 1375 780 1438 in
805 1396 994 1463 unoquoque
1016 1392 1063 1442 εει
1086 1378 1155 1464 ejus

228 1477 338 1529 natura
363 1479 392 1530 et
418 1467 558 1530 essentia.
583 1465 650 1530 Non
675 1465 767 1548 igitur
790 1465 961 1530 seeundum
984 1487 1073 1532 suam
1098 1489 1154 1532 na·

232 1567 332 1618 turam
355 1569 427 1620 sunt
450 1555 549 1620 malae
573 1553 750 1638 hujusmodi
774 1553 973 1619 substantiae.
999 1593 1044 1606 -
1067 1555 1155 1622 idem

231 1642 323 1706 etiam
348 1644 497 1729 sequitur,
520 1645 544 1708 si
568 1645 628 1707 sint
661 1655 794 1707 causata:
818 1662 890 1706 nam
916 1643 1034 1709 nullum
1059 1665 1156 1730 agens

230 1731 293 1815 agit
316 1733 371 1796 nisi
396 1733 562 1798 intendens
593 1732 631 1796 ad
668 1731 801 1810 bonum,
833 1732 951 1796 malum
985 1753 1061 1819 ergo
1091 1755 1156 1799 non

232 1833 333 1905 potest
356 1814 423 1886 esse
447 1822 572 1888 effeetus
589 1821 716 1905 alicujus
732 1840 844 1884 causae
861 1821 917 1886 nisi
931 1841 985 1908 ρει
1001 1822 1156 1890 enuidens.

231 1907 323 1988 Quod
348 1923 450 1974 autem
486 1925 629 1974 causatur
663 1929 718 1995 ρει
756 1908 898 1974 accidens
933 1925 1052 1976 tantum
1091 1932 1157 1976 non

232 2009 332 2082 potest
355 2018 422 2062 esse
454 1998 626 2064 seeundum
650 2013 803 2075 naturam,
826 2019 897 2063 oum
921 2001 1022 2065 omnis
1045 2015 1156 2065 natura

231 2084 470 2150 determinatum
496 2087 622 2151 modum
649 2087 760 2151 lrabeat
783 2107 845 2172 quo
861 2089 998 2173 procedit
1023 2091 1156 2154 inesse.

231 2173 298 2240 Non
321 2189 367 2240 εει
390 2178 482 2260 igitur
507 2176 650 2262 possibile
674 2174 757 2261 quod
775 2175 951 2260 hujusmodi
964 2179 1156 2244 substantiae
1243 2173 1244 2184 ’

230 2264 291 2328 sint
314 2265 413 2331 malae
436 2267 606 2330 seeundum
630 2286 717 2328 sumn
742 2278 894 2330 naturam.
1243 2323 1244 2326 ,

297 2354 445 2438 Amplius,
470 2354 718 2439 Unumquodque
740 2354 857 2418 entium
883 2353 975 2419 habet
990 2355 1152 2442 proprium

230 2460 298 2505 esse
321 2443 491 2508 seeundum
523 2444 650 2506 modum
674 2439 748 2506 suae
772 2457 907 2507 naturae.
933 2443 1004 2510 Esse
1035 2458 1154 2524 antem,
1243 2437 1244 2460 ¹

230 2531 413 2615 inquantum
449 2531 639 2617 hujusmodi,
673 2544 718 2596 εει
748 2530 876 2606 bonum;
911 2532 997 2617 eujus
1027 2535 1154 2617 signum

230 2633 277 2684 εει
301 2621 383 2706 quud
406 2623 509 2686 omniu
535 2641 602 2684 esse
627 2633 785 2705 appetunt.
809 2619 841 2684 Si
865 2623 957 2704 igitur
973 2621 1155 2706 hujusmodi

230 2709 418 2774 substantiae
441 2710 611 2774 seeundum
635 2729 723 2774 suam
747 2721 888 2776 naturam
911 2727 1012 2778 esseut
1041 2712 1157 2789 malae,
1243 2783 1244 2786 ,

230 2798 351 2863 nullum
376 2819 444 2862 esse
467 2800 625 2862 noluerent.
1243 2803 1244 2832 ³

297 2887 381 2964 ltem,
408 2885 573 2952 Οειειιειιιιι
610 2898 655 2952 εει
689 2907 782 2971 ειιριε
808 2886 848 2968 (1.
872 2887 905 2966 Ξ),
927 2909 953 2953 ε.
979 2889 1047 2975 ld)
1070 2889 1160 2976 quod

230 2975 307 3040 nihil
331 2991 430 3062 potest
454 2997 522 3041 esse
545 2975 657 3061 quina
689 2978 790 3061 primo
825 2989 896 3041 ente
930 2998 998 3042 εεεε
1033 2979 1163 3054 habeat,

230 3080 260 3128 et
284 3067 366 3150 quod
392 3067 526 3150 primum
563 3085 618 3128 ens
642 3077 687 3128 εει
722 3085 879 3130 εειιιιιιιιιιι
916 3065 1044 3132 bonum.
1078 3067 1160 3132 Cum

230 3168 334 3216 autem
359 3174 452 3218 οιιιιιε
476 3175 581 3238 agens,
605 3154 786 3238 inquantum
811 3153 989 3239 hujusmodi
1006 3169 1076 3241 agat
1098 3155 1161 3220 sibi

229 3241 342 3318 simile,
367 3257 489 3328 oportet
512 3242 595 3327 quud
631 3261 667 3306 εε
702 3263 782 3328 quae
812 3264 828 3306 a
854 3245 954 3330 primo
988 3259 1059 3312 ente
1085 3257 1162 3310 suot

230 3329 314 3394 bona
338 3333 408 3396 sint.
441 3332 621 3397 praedictae
646 3329 739 3414 igitur
762 3331 962 3412 substantiae,
986 3333 1162 3400 seeundum

230 3419 315 3502 qnod
340 3433 412 3570 sqnt
435 3435 466 3484 et
489 3435 630 3486 naturam
654 3419 791 3508 aliquem
808 3422 934 3504 habent,
949 3445 1012 3491 nun
1029 3437 1162 3513 possunt

228 3525 296 3571 esse
320 3527 368 3569 ma
384 3527 428 3572 ae,
