2450 3966
339 277 396 322 ιιιι.
422 275 462 323 ιιι.
486 273 549 321 ιιι.
572 275 601 322 ιι.
624 275 660 319 ιιι
683 275 723 323 ιιι.
947 255 990 323 35

80 345 193 412 ratimis
215 344 344 432 aliquod
366 343 451 411 aliud
474 343 591 410 bonum
613 345 898 431 repraesentantisa
918 367 988 434 pro·

76 437 136 523 prio
156 435 243 502 bono
265 435 434 511 diversum,
468 433 607 519 sequitur
629 433 660 498 in
683 435 803 503 actione
825 435 989 504 voluntatis

73 539 227 612 peceatum
252 523 381 589 morale.
405 523 563 588 Praecedit
587 522 722 608 igiturin
738 523 895 590 uoluntate
918 539 990 612 pec-

70 629 167 680 catum
192 613 322 678 aetionis
346 610 484 678 deiectus
518 610 635 676 ordinis
660 611 699 677 ιιιι
722 613 874 678 rationem
898 615 991 680 etad

70 704 229 790 proprium
253 703 349 767 finem
382 702 443 788 (i):
467 699 512 766 ιιι
549 701 702 766 rationem
739 701 877 788 quidem,
913 701 992 769 sicut

68 813 150 867 eum,
173 791 214 856 ad
237 791 371 856 subitam
403 790 683 877 apprehensionem
706 809 816 856 sensns
848 787 991 857 voluutas

67 882 97 946 in
120 881 243 948 bonurn
266 879 446 945 delectabile
467 879 639 944 seeundum
662 899 788 946 sensnm
812 879 919 958 tandin
950 880 994 946 ιιι

68 971 164 1036 [inem
188 989 264 1034 nero
287 968 437 1047 debitum,
474 968 551 1033 sieut
584 987 656 1034 enm
680 968 759 1034 ratio'
795 968 826 1034 in
865 969 991 1058 niiquod

68 1060 188 1124 bonum
210 1059 424 1123 ratiocinando
444 1056 569 1122 devenit
590 1057 674 1144 qnod
696 1076 759 1122 nou
781 1057 890 1124 estrei
906 1057 991 1126 nuno

69 1148 116 1214 vei
139 1148 201 1212 hoc
224 1146 472 1223 memborum,
496 1158 648 1211 ettamen
687 1145 826 1212 voluntas
860 1147 891 1213 in
915 1149 992 1216 itinn

68 1237 164 1302 tendit
188 1236 278 1322 quasi
302 1236 333 1299 in
355 1235 513 1322 proprium
537 1233 665 1300 bonum.
688 1233 743 1301 Hie
759 1247 862 1301 autern
875 1238 992 1305 ordinis

69 1325 208 1390 desectus
248 1324 438 1389 voluntarius
472 1337 528 1399 est;
551 1343 622 1388 nam
659 1324 689 1388 in
713 1337 861 1410 potestate
898 1329 993 1415 ipsius

68 1413 237 1480 voluntatis
259 1426 307 1478 est
330 1412 408 1478 velie
430 1423 461 1476 et
486 1431 549 1478 non
582 1413 675 1490 veile
712 1413 850 1500 itemque
882 1429 928 1482 est
961 1418 993 1484 in

68 1517 222 1592 potestate
246 1501 341 1588 ipsius
374 1499 458 1588 qnod
492 1502 571 1567 ratio
598 1515 668 1566 actu
696 1501 870 1570 consideret
902 1506 993 1570 reia

70 1591 320 1658 consideratione
358 1590 493 1664 desistat,
532 1603 585 1656 ant
622 1590 706 1678 quod
745 1591 805 1656 hoc
834 1593 882 1658 vei
916 1593 993 1661 iliud

71 1678 453 1746 considerandorum
476 1680 533 1743 iste
555 1678 692 1745 deiectus
714 1693 760 1744 est
782 1681 900 1748 maium
927 1703 993 1749 mo·

71 1770 144 1848 raim
167 1768 196 1835 si
219 1769 304 1834 enim
337 1769 414 1834 ratio
448 1767 525 1833 nihii
554 1769 728 1834 consideret
751 1769 799 1836 vei
821 1772 995 1839 consideret

70 1859 190 1924 bonnm
206 1857 437 1944 quodcumque,
449 1855 588 1922 nondum
604 1870 649 1922 est
661 1871 819 1944 peecatum
832 1880 994 1949 quousque

70 1948 215 2014 noluntas
238 1947 270 2010 in
296 1947 391 2012 finem
421 1944 594 2012 indebitum
616 1946 731 2025 tendet;
754 1948 837 2034 qnod
857 1950 922 2038 jem
947 1967 994 2020 est

69 2036 237 2103 voluntatis
252 2048 347 2101 actus.
772 2094 775 2100 ,

133 2125 188 2190 Sic
203 2124 307 2208 igitur,
323 2137 385 2189 tarn
402 2125 434 2190 in
450 2123 619 2190 moralibus
634 2145 728 2212 quam
744 2125 775 2190 in
791 2126 993 2208 naturalibus,

68 2227 152 2300 patet
175 2213 402 2298 quadrariam
425 2234 442 2279 a
466 2213 549 2280 bono
572 2233 636 2278 non
668 2229 822 2296 causatur,
854 2215 914 2283 nisi
939 2237 994 2305 per

69 2303 226 2373 accidens.

398 2389 584 2457 CAPUT
619 2389 670 2457 xt.

191 2567 282 2650 Qrtod
302 2568 422 2634 maium
441 2570 476 2634 in
497 2569 602 2656 oiiqrto
626 2567 702 2635 bono
723 2570 883 2656 [eradatur.

139 2746 184 2813 Ex
207 2745 384 2836 praemissis
406 2747 499 2812 etiam
527 2747 646 2817 ostendi
671 2761 770 2836 potest
793 2749 877 2838 quod
900 2769 994 2817 omne

75 2835 194 2902 maium
216 2847 263 2902 est
285 2835 317 2900 in
339 2835 443 2922 aliquo
465 2837 548 2904 bono
571 2837 744 2904 fundatum.

137 2924 255 2990 Malum
277 2923 361 2989 eninr
385 2945 447 2990 non
471 2939 659 3014 potestesse
697 2945 753 3014 per
781 2945 816 2992 se
845 2927 995 3008 existens,

71 3035 144 3081 curn
166 3033 234 3079 non
256 3013 295 3078 sit
317 3014 479 3081 essentiam
510 3017 637 3091 habens.
674 3031 708 3080 ut
744 3035 837 3102 snpra
860 3018 912 3106 (o.
946 3018 967 3084 7
981 3021 995 3103 )

72 3117 236 3170 ostensum
258 3114 316 3170 est.
342 3100 471 3189 Oportet
505 3106 599 3190 igitur
619 3103 703 3192 quod
739 3105 857 3171 maium
893 3107 932 3172 sit
964 3107 997 3173 in

71 3192 178 3279 aliquo
200 3189 350 3278 subjecto.
374 3189 477 3258 Omne
510 3207 615 3260 antem
647 3193 832 3278 subjeetum,
865 3215 936 3262 enm
958 3198 997 3262 sit

74 3281 249 3348 substantia
283 3279 447 3366 quaedam,
480 3282 597 3348 bonum
619 3281 776 3369 quoddam
799 3297 855 3362 est,
893 3299 926 3350 nt
958 3306 996 3352 ex

74 3369 254 3457 praemissis
275 3371 319 3457 (o.
331 3369 368 3459 6)
390 3385 482 3459 patet.
505 3369 607 3438 Omne
620 3372 711 3458 igitur
727 3369 843 3438 maiam
859 3375 896 3440 in
914 3375 996 3441 bono

76 3460 181 3550 aliquo
204 3472 262 3524 est.
937 3497 941 3504 -

124 3565 167 3635 (ι)
186 3563 312 3634 Deimtus
326 3564 457 3622 ordinis...
474 3565 606 3638 praecedit
622 3569 755 3636 peccatum
773 3567 917 3624 actionis...
