2452 3970
216 239 280 305 tut
482 262 601 306 murm.
627 261 690 306 ctu.
713 260 790 307 tvm.
814 262 848 306 ar
873 263 929 307 tut.

212 343 257 393 est
281 326 404 394 ultimus
428 328 497 396 linis
520 329 689 416 cujuslibet
705 331 916 396 intellectualis
939 328 1140 396 substantiae

211 432 244 482 ut
267 438 303 482 etr
326 417 414 484 dietis
436 419 478 505 (c.
503 419 546 484 nt
569 432 598 483 et
622 420 679 504 50)
704 435 794 506 patet.
818 419 1042 484 intellectuales
1073 442 1136 485 au-

209 520 271 569 tem
295 506 482 572 substantiae
506 528 567 572 non
591 529 700 572 omnes
723 508 1136 594 aequaliterprneparentur

134 643 136 652 s
208 594 246 658 ad
270 593 376 674 linem3
398 595 550 682 quaedam
574 598 657 661 enim
681 611 752 662 sunt
776 597 900 682 majoris
938 583 1060 662 virttltis
1098 611 1132 662 et

206 683 359 768 quaedam
383 685 521 762 minaria
544 686 638 751 virtus
662 699 765 750 autern
788 702 834 752 ast
857 686 904 750 via
927 686 966 750 ad
1000 684 1134 750 felicita-

206 785 280 837 tem.
305 771 433 859 Oportet
456 775 548 858 igitur
571 776 654 860 quod
679 777 710 840 in
734 775 851 841 visione
874 775 976 840 divina
1007 777 1045 839 sit
1084 775 1131 840 di·
1219 815 1220 838 t

207 861 347 936 versitas,
384 876 414 926 et
452 863 535 948 quod
571 864 696 949 quidam
735 863 899 950 perfectius
936 879 966 927 et
1000 863 1131 950 quidam
1219 901 1220 930 t

207 950 310 1015 minus
334 949 467 1036 perfecte
492 951 626 1016 divinam
648 954 851 1018 substantium
876 951 1009 1017 videant.
1049 952 1132 1018 ilinc

208 1039 371 1125 estquod,
396 1040 434 1104 ad
457 1040 537 1105 hanc
554 1039 702 1106 felicitatis
726 1041 928 1106 differentiam
961 1041 1136 1125 designan-

209 1125 292 1206 dam,
314 1127 466 1196 Dominus
489 1129 570 1194 dicit:
594 1130 636 1193 ln·
651 1131 742 1194 domo
760 1130 864 1195 Putris
877 1130 936 1194 naci
951 1132 1132 1195 intrusiones

90 1259 94 1268 ·
207 1217 324 1280 inultae
346 1229 428 1296 sunt,
449 1220 548 1296 Joau,
573 1218 623 1296 ll,
648 1219 677 1283 9.

275 1305 345 1370 Per·
375 1306 434 1372 lruc
469 1312 572 1372 aulem
596 1307 771 1373 excluditur
788 1327 880 1376 ,error
918 1307 1131 1392 quorumdam

207 1392 374 1460 dicentium
398 1398 502 1460 omnia
526 1397 661 1483 praemia
686 1417 753 1462 esse
776 1397 926 1483 nequalia.
951 1395 1036 1460 Sicut
1075 1417 1133 1478 au-

180 1497 280 1558 1tem,
319 1505 356 1550 ex
389 1484 483 1550 modo
519 1485 653 1562 visionis,
686 1499 814 1573 apparet
835 1485 972 1549 diversus
1010 1485 1128 1568 gradus

206 1571 322 1653 gloriae
346 1575 376 1638 in
401 1573 507 1648 beatis,
538 1575 589 1652 ita,
612 1595 649 1640 ex
673 1573 818 1660 eoquod
843 1574 973 1652 videtur,
997 1589 1127 1660 apparet

205 1659 301 1743 gloria
325 1661 446 1740 eadem3
470 1683 544 1728 nam
570 1663 733 1748 cujuslibet
756 1662 881 1728 felicitas
905 1683 942 1726 ex
982 1661 1127 1727 tuaest

202 1748 287 1831 quod
310 1749 367 1814 Dei
390 1751 595 1817 substantiam
621 1753 715 1831 videt,
739 1766 770 1817 ut
800 1751 964 1838 probatum
1002 1764 1048 1816 est
1082 1751 1126 1838 (e.

202 1836 270 1922 nt).
294 1837 380 1904 ldem
403 1859 478 1924 ergo
502 1841 655 1927 est-quod
679 1861 789 1906 omnes
813 1842 919 1906 beatos
942 1837 1024 1914 lacit,
1056 1859 1123 1904 nou

203 1940 306 1990 temen
329 1927 368 1992 ab
382 1947 420 1992 en
443 1948 551 1994 omnes
566 1930 734 2016 aequaliter
747 1929 966 1994 beatitudinem
983 1927 1118 2015 capiunt.

222 2062 225 2067 -
281 2014 367 2080 Unde
407 2017 569 2102 praedietis
609 2029 670 2084 non
709 2019 811 2083 obviat
848 2017 932 2104 quod
970 2016 1126 2082 Dominus
1219 2089 1220 2098 ἶ

203 2103 347 2170 omnibus
370 2104 581 2173 laborantibus
606 2107 636 2172 in
661 2108 759 2183 vinea,
783 2107 929 2171 lieetuon
954 2104 1127 2191 aequaliter

205 2192 411 2260 laboraverint
434 2194 515 2260 idem
541 2211 642 2262 tamen
668 2196 839 2282 praemium
856 2194 1050 2260 reddendum
1065 2194 1125 2258 ἀο-Ι

203 2295 262 2359 eet,
285 2283 398 2348 scilieet
421 2283 581 2350 denarium
605 2276 736 2371 (Matio,
758 2285 827 2369 20);
850 2285 922 2369 quia
955 2283 1037 2347 idem
1076 2298 1126 2348 est

205 2369 289 2455 qaod
313 2371 459 2438 omnibus
482 2373 572 2439 datur
595 2375 625 2437 iu
650 2375 823 2460 praemium
847 2373 885 2437 ud
909 2371 1126 2437 videndumst

204 2458 242 2523 ad
267 2455 443 2540 lruendum,
465 2462 579 2528 scilieet
601 2461 695 2528 Deus.

270 2546 303 2612 ln
328 2548 387 2614 lroc
410 2551 502 2616 etiam
526 2550 785 2616 considerandum
810 2563 855 2614 est
870 2549 955 2636 quod*
970 2547 1123 2635 quodam·

202 2636 296 2702 modo
321 2640 490 2704 contrarius
514 2653 559 2704 est
582 2640 659 2704 ordo
682 2639 888 2726 corporalium
912 2653 942 2703 et
980 2639 1124 2724 spiritua·

202 2724 276 2792 lium
303 2741 453 2792 motuum.
478 2725 625 2793 Omnium
649 2731 732 2792 enim
756 2726 1122 2815 corporalium'motuum
1219 2759 1220 2804 ,

200 2828 245 2879 est
268 2814 350 2880 idem
374 2836 506 2881 numero
538 2817 671 2903 primum
711 2817 895 2902 subjeetum,
931 2815 1008 2880 lines
1048 2836 1124 2880 vero
1219 2813 1220 2816 ’

200 2902 324 2981 diversa
345 2904 549 2989 spiritualium
574 2925 648 2970 vero
673 2921 826 2984 motuum,
848 2905 966 2970 scilicet
986 2903 1121 2969 intellec·
1219 2923 1220 2976 j

198 2992 327 3058 tualium
351 2994 633 3079 apprehensionem
649 3007 679 3058 et
691 2995 893 3072 voluntatum,
907 3007 979 3058 sunt
995 2995 1122 3080 quidem
1219 3023 1220 3054 t

200 3081 318 3148 diversa
341 3081 479 3168 subjecta
504 3084 613 3170 prima,
637 3082 706 3148 linis
730 3103 805 3148 vero
825 3102 958 3148 numero
982 3084 1075 3147 idem.

517 3197 693 3270 CAPUT
733 3201 807 3269 LlX.

277 3307 365 3386 Quod
387 3309 526 3375 videntes
549 3310 686 3374 diuinam
708 3309 913 3374 substantium
935 3309 1039 3398 omnio

260 3399 263 3408 ⁴
365 3457 368 3467 ,
473 3400 579 3484 aliquo
602 3401 693 3462 nanda
722 3400 839 3466 vitlem.

217 3563 220 3572 .
259 3515 337 3601 Quia
360 3539 434 3586 vera
459 3519 534 3586 visio
557 3519 678 3586 divinae
702 3520 892 3588 substantiae
915 3533 960 3586 est
985 3519 1113 3616 ultimus

1013 3798 1024 3844 l
