2514 3972
227 223 293 292 556
537 246 595 293 cre.
615 247 658 292 ιιι.
681 246 746 294 mr.
762 245 839 293 oxu.

227 314 278 381 cui
301 311 441 380 inhaeret
452 328 578 402 propter
600 315 743 381 timorem
759 316 899 382 inhaeret
911 322 1039 467 propter
1050 313 1153 393 aliod,
1244 359 1245 366 κ

228 415 264 470 ut
284 402 401 470 scilicet
424 404 516 470 evitet
538 405 668 480 malum,
689 404 784 492 quod,
806 405 833 470 si
854 423 918 468 uon
941 424 959 468 a
984 404 1151 470 haereatei

227 491 380 572 imminct;
404 493 433 558 ci
457 512 532 558 vero
553 495 603 558 cui
626 494 774 563 adhaeret
797 507 925 581 propter
945 512 1087 558 amorem
1096 492 1151 558 ad·

227 579 338 646 haeret
359 593 489 668 propter
510 584 657 670 scipsum.
681 582 774 665 Quod
796 596 902 648 autem
939 594 986 648 εει
1023 595 1152 670 propter

227 669 1061 846 ttttltittltttsstt”llllttltttltl
1083 670 1152 824 ll?

229 845 289 911 dus
313 846 343 910 ei
365 846 567 914 adhaerendi.
590 849 655 916 lloe
677 849 839 935 igiturest
861 847 1021 936 potissime
1050 849 1151 914 inten-

135 955 142 972 '
228 944 295 1004 tum
317 933 350 1000 iu
372 933 475 1001 diuina
496 936 576 1022 lege.

296 1023 384 1102 item,
407 1024 490 1090 Finis
513 1024 677 1111 cujuslibet
699 1025 786 1112 legis,
812 1037 843 1092 et
872 1025 1038 1112 praecipue
1076 1023 1152 1092 diui·

228 1130 301 1196 pac‚
323 1127 370 1178 εει
391 1113 535 1179 homiues
559 1114 661 1181 lacere
683 1115 792 1180 bouus.
808 1113 1026 1180 llomoautcm
1038 1112 1152 1180 dicittu

228 1197 332 1268 bonus
354 1221 392 1266 cx
415 1221 454 1266 eo
477 1203 561 1289 quod
585 1203 679 1270 habet
701 1204 890 1269 voluntatem
928 1204 1056 1277 bouem,
1096 1221 1151 1290 per

230 1309 325 1376 quam
350 1289 469 1356 reducit
489 1293 521 1356 in
546 1307 649 1358 actum
673 1291 823 1380 quidquid
847 1291 920 1356 boui
943 1293 974 1356 in
998 1294 1065 1378 ipso
1094 1305 1151 1370 eat3
1244 1291 1245 1308 ¹

226 1378 373 1446 uoluntas
395 1393 499 1445 autem
524 1380 607 1447 bona
629 1396 675 1447 εει
697 1401 734 1447 ex
758 1399 796 1446 eo
818 1381 902 1467 quod
926 1380 990 1446 vult
1019 1381 1151 1458 bouum,

229 1479 261 1534 ει
294 1468 459 1554 praecipue
497 1471 667 1535 maximum
702 1469 837 1546 bonum,
870 1469 955 1556 quod
988 1483 1034 1536 est
1068 1469 1151 1548 linia

229 1569 345 1641 quanto
358 1557 451 1641 igitur
466 1557 643 1643 hujusmodi
656 1559 775 1624 bouum
797 1560 896 1643 magis
919 1557 1060 1624 voluutas
1074 1559 1154 1638 vult,

230 1658 317 1710 tauto
339 1645 439 1730 magis
461 1647 557 1712 lromo
579 1661 626 1712 εει
649 1648 759 1713 bouus.
782 1646 845 1712 Sed
867 1645 1152 1730 mogisuultltomo

229 1731 262 1800 id
284 1733 369 1821 quod
393 1735 458 1800 uult
481 1749 607 1824 propter
629 1756 769 1804 amorem
792 1756 886 1822 quum
909 1735 942 1802 id
963 1735 1049 1822 qood
1085 1737 1153 1804 vult

231 1836 358 1909 propter
380 1823 525 1890 timorem
548 1837 678 1905 tautum3
700 1845 773 1890 nam
798 1824 883 1911 quod
920 1823 985 1890 volt
1022 1839 1152 1912 propter

230 1910 375 1976 timorem
400 1925 518 1978 tantum
542 1913 654 1980 dicitur
677 1916 807 1980 mixtum
829 1913 1047 1988 involuntario,
1069 1917 1152 1980 sicot

228 1997 339 2085 aliquis
362 2000 427 2066 vult
450 2001 482 2066 iu
508 2005 588 2067 mari
610 2003 832 2090 projectionem
857 2003 1152 2091 mcrciumpropter

228 2087 383 2154 timorem.
407 2089 488 2176 Ergo
513 2111 603 2157 amor
625 2093 740 2158 cummi
763 2091 837 2158 boni
859 2091 975 2166 seilicet
997 2091 1056 2156 Dei
1084 2113 1154 2158 ma·

226 2176 309 2243 xime
331 2177 404 2244 lacit
427 2179 526 2246 bonos
551 2195 582 2246 ει
606 2194 651 2246 εει
674 2181 810 2246 maxime
834 2182 986 2246 intentum
1009 2181 1042 2246 iu
1072 2180 1154 2247 diri·
1243 2237 1244 2242 ,

226 2286 266 2332 ηε
288 2265 368 2352 lege.
694 2309 700 2324 ·

292 2353 467 2437 Praeterea,
490 2356 616 2424 Bonitas
649 2359 784 2424 bominis
825 2371 871 2425 εει
902 2377 958 2444 per
994 2358 1155 2438 virtutem3

224 2441 322 2510 virtus
345 2445 429 2510 enim
450 2459 498 2512 εει
520 2466 599 2532 quaa
623 2447 741 2514 bouum
767 2447 841 2514 lacit
863 2448 1042 2522 habentem
1066 2450 1155 2514 uode

225 2544 257 2598 ct
279 2531 329 2598 lex
351 2532 483 2601 intendit
506 2535 649 2602 homines
664 2535 765 2604 lacere
776 2538 927 2602 virtuosos
938 2549 969 2602 ει
985 2551 1153 2624 praccepta

225 2617 302 2706 legis
324 2638 397 2688 suut
419 2623 459 2688 dc
483 2625 602 2691 actibus
625 2627 782 2690 virtutum.
805 2623 867 2690 Scd
898 2624 939 2690 de
971 2623 1154 2692 conditione

227 2709 346 2776 virtutis
368 2727 415 2778 cst
431 2726 464 2778 ut
487 2715 641 2780 virtuosus
663 2728 694 2780 ει
717 2714 847 2780 firmiter
873 2727 904 2780 ει
927 2713 1154 2780 delectabiliter

229 2813 384 2885 operetur.
406 2801 474 2867 lloc
507 2816 610 2868 autem
637 2802 709 2868 iacit
730 2803 864 2868 maxime
887 2822 987 2882 amor;
1015 2823 1090 2870 uam
1115 2824 1155 2870 ex

229 2907 338 2955 amore
374 2889 490 2976 aliquid
524 2890 654 2957 firmiter
690 2905 721 2958 ct
754 2891 975 2958 delectabiliter
1008 2890 1153 2960 iacimus.

155 2985 159 2996 '
227 2980 324 3129 putor
346 2979 439 3065 igitur
472 2978 545 3046 boni
568 2995 614 3046 εει
646 2969 789 3048 ultimum
826 2982 980 3047 intentum
1014 2982 1046 3046 iu
1080 2982 1154 3068 lege
1242 2995 1243 2999 ’

250 3085 342 3132 runa.

242 3149 245 3156 ’
290 3154 411 3232 Adhuc,
433 3154 636 3242 legislatores
658 3159 790 3244 imperio
813 3158 891 3245 legio
913 3155 1014 3224 editae
1022 3172 1153 3226 movent

225 3261 279 3309 cos
302 3245 415 3330 quibus
437 3243 487 3312 lex
510 3246 610 3312 datur.
633 3247 667 3313 ln
691 3248 837 3316 omnibus
859 3263 963 3315 autem
986 3268 1067 3334 quae
1082 3269 1152 3315 mc·

224 3347 337 3400 ventur
375 3333 415 3399 al)
452 3333 556 3422 aliquo
590 3337 691 3422 primo
728 3352 884 3415 movente,
923 3349 1011 3402 tauto
1031 3338 1151 3425 aliquid

225 3421 390 3506 perfectius
413 3439 556 3490 movetur
577 3441 693 3510 quanto
717 3427 817 3514 magis
840 3425 1001 3515 participat
1023 3425 1064 3492 dc
1080 3447 1151 3492 mo·

227 3507 311 3576 tione
333 3510 425 3600 primi
448 3513 600 3578 morentii
623 3529 653 3580 ει
675 3515 715 3582 de
731 3516 931 3598 similitudine
943 3515 1048 3606 ipsios.
1062 3514 1151 3608 Deus
