2452 3970
227 235 290 300 tet
536 259 592 302 trn.
615 257 655 302 ru.
681 255 743 302 oar.
768 255 833 304 nrt.

224 327 341 390 clerum
364 325 442 392 sicut
468 347 502 392 sc
530 326 625 392 habet
661 325 720 392 hoc
743 347 895 412 generans
918 328 955 392 in·
973 340 1080 394 natura
1105 328 1147 394 ad

130 412 132 416 ⁴
224 417 456 498 generationem
495 414 584 500 cujus
609 428 655 480 est
687 435 741 501 per
774 437 807 480 se
841 437 944 482 causa.
980 416 1146 484 Generatio

223 517 327 568 eutem
350 517 459 583 cessat,
481 517 620 570 cessante
643 505 823 590 operatione
853 507 1039 591 generantis.
1064 507 1147 590 Ergo

222 607 252 656 et
276 613 385 658 omnes
409 614 513 659 rerum
537 592 655 678 species
678 607 843 672 cessarent,
865 608 1005 660 cessante
1036 616 1147 681 opera·

222 682 306 746 tione
333 682 445 747 divina.
482 683 577 768 lgitur
616 681 683 768 lpse
717 703 772 770 per
809 704 897 750 suam
930 685 1144 770 operationem

220 785 383 836 conservat
406 792 455 836 res
479 793 509 836 rn
533 790 610 836 esse.

288 859 406 938 Adhuc,
429 859 513 926 Licet
546 858 635 924 alicui
658 860 799 926 existenti
823 859 939 928 accidat
963 875 1076 939 motus,
1099 873 1144 924 ta·
1214 881 1215 948 3

220 969 292 1012 men
316 963 419 1014 motus
441 962 487 1015 est
518 961 639 1035 praeter
672 969 741 1013 esse
779 949 833 1014 rei.
872 949 999 1016 Nullum
1037 962 1143 1016 autern

151 1055 156 1068 ‘
219 1057 406 1122 corporeum
429 1051 475 1104 εει
497 1058 588 1102 causa
613 1036 742 1123 alicujus
776 1039 832 1116 rei,
867 1039 924 1104 nisi
958 1039 1144 1124 inquantum

218 1139 372 1202 metuetur,
394 1127 464 1213 quia
479 1127 598 1192 nullum
615 1146 728 1211 eorpus
751 1128 813 1211 agit
827 1129 884 1192 nisi
898 1149 953 1214 per
966 1143 1099 1201 motum,
1112 1141 1143 1194 ut

218 1214 395 1280 Aristoteles
419 1216 529 1302 probat
551 1215 725 1300 (Physic,¹
746 1217 775 1293 l,
799 1228 869 1286 tent.
895 1237 1009 1282 comm.
1045 1217 1089 1282 55
1113 1230 1142 1280 et

218 1323 283 1387 seq.
297 1305 320 1386 ).
345 1304 469 1370 Nullum
494 1305 587 1388 igitur
609 1323 721 1390 eorpus
744 1318 789 1370 εει
805 1326 898 1371 causa
921 1326 990 1372 esse
1013 1304 1144 1390 alicujus

217 1393 263 1456 rei
281 1392 463 1478 inquantum
490 1407 534 1458 est
559 1412 638 1466 esse,
665 1393 719 1458 sed
736 1407 782 1458 est
805 1415 896 1460 eausa
922 1396 988 1480 ejus
1000 1393 1086 1478 quod
1099 1409 1143 1460 est

218 1484 335 1546 moveri
359 1482 398 1547 atl
422 1503 500 1560 esse,
526 1481 610 1568 quod
634 1495 680 1546 est
703 1483 770 1548 lieri
792 1485 847 1549 rei.
872 1485 944 1550 Esse
968 1497 1071 1548 autem
1090 1505 1143 1550 cu-

215 1569 342 1654 juslibet
365 1573 408 1636 rei
432 1586 568 1636 estesse
601 1571 827 1658 participatum,
850 1593 921 1638 oum
946 1593 1007 1637 non
1031 1573 1070 1638 sit
1094 1593 1144 1638 res

217 1659 330 1744 aliqua,
354 1667 476 1747 praeter
498 1660 611 1747 Deum,
633 1679 725 1726 suum
748 1681 826 1738 esse,
851 1676 999 1746 utsupra
1023 1661 1072 1745 (l.
1113 1662 1143 1738 l,

217 1769 243 1814 e.
268 1749 341 1834 22)
364 1749 528 1836 probatum
552 1761 608 1826 est3
631 1750 716 1814 etsie
732 1750 948 1837 oportetquod
961 1750 1025 1836 ipse
1045 1751 1142 1832 Deus,

217 1838 268 1923 qui
294 1851 339 1902 εει
362 1859 452 1903 suurn
476 1857 554 1915 esse,
577 1838 615 1901 sit
640 1837 739 1922 primo
763 1851 793 1904 et
809 1859 864 1926 per
879 1860 912 1904 se
929 1859 1021 1904 causa
1038 1841 1142 1908 omnis

217 1947 294 1990 esse.
322 1925 372 1990 Sic
395 1927 487 2010 igitur
510 1946 544 1990 se
566 1925 659 1990 habet
681 1926 720 1990 ad
736 1947 804 1992 esse
820 1948 925 1994 rerum
938 1929 1076 2014 operatio
1094 1929 1141 1993 di-

216 2016 287 2080 viua
310 2015 388 2080 sicut
409 2016 505 2080 rnotio
528 2013 666 2100 corporis
690 2017 841 2081 moventis
865 2017 904 2082 ad
927 2017 994 2082 fieri
1017 2031 1049 2082 et
1073 2018 1140 2172 pul)

215 2104 334 2170 moveri
357 2123 461 2168 rerum
489 2103 637 2168 factarum
665 2103 713 2168 vel
746 2118 911 2172 motarum.
946 2106 1076 2192 lmpossi
1101 2106 1142 2171 ile

214 2207 318 2258 autem
343 2206 388 2258 est
412 2192 503 2278 quod,
521 2192 587 2260 lieri
603 2191 650 2256 vel
667 2193 785 2258 moveri
802 2193 931 2278 alicujus
947 2195 991 2260 rei
1005 2208 1140 2271 maneat,

214 2295 353 2348 cessante
381 2282 518 2348 motione
542 2283 705 2346 moventis.
741 2281 933 2368 Impossibile
967 2298 1013 2348 est
1048 2285 1141 2368 igitur

213 2372 297 2454 quod
321 2391 389 2436 esse
412 2369 541 2457 alicujus
564 2370 608 2436 rei
633 2385 766 2450 maneat,
782 2371 839 2436 nisi
857 2392 912 2458 per
924 2371 1140 2458 operationem

212 2460 359 2526 divinem.
1214 2533 1215 2560 ,

279 2548 428 2636 Amplius,
463 2549 548 2614 Sicut
582 2567 660 2634 opus
694 2547 768 2612 artis
802 2547 1025 2636 praesupponit
1060 2569 1140 2634 opus
1214 2567 1215 2652 p

214 2652 353 2716 naturae,
376 2638 416 2702 ita
442 2658 520 2724 opus
550 2651 678 2702 naturae
713 2639 934 2724 praesupponit
968 2659 1047 2725 opus
1080 2637 1138 2703 Dei
1214 2653 1215 2718 t

212 2728 355 2805 creantis;
378 2747 450 2792 narn
476 2726 603 2792 materia
644 2725 848 2790 artificialium
884 2740 930 2792 est
963 2747 980 2791 a
1017 2741 1138 2800 natura,
1214 2733 1215 2780 t

211 2817 398 2883 naturalium
423 2835 496 2881 vero
521 2835 575 2901 per
598 2815 788 2880 creationem
812 2836 828 2879 a
853 2814 930 2880 [leo.
961 2814 1137 2880 Artificialia

211 2919 315 2970 autem
339 2918 562 2970 conservantur
584 2903 615 2967 in
633 2923 700 2968 esse
717 2903 828 2968 virtute
844 2903 1042 2983 naturalium,
1058 2904 1138 2970 sicut

211 2993 324 3062 domus
338 3015 393 3080 per
404 2993 588 3058 soliditatem
601 2991 750 3078 lapidum.
760 2989 871 3056 Omnia
880 2993 972 3076 igitur
985 2993 1136 3059 naturalia

210 3103 273 3148 non
297 3096 518 3148 conservantur
541 3085 572 3146 in
596 3101 663 3146 esse
686 3081 742 3145 nisi
766 3081 876 3146 virtute
899 3081 967 3146 Dei.

277 3173 365 3251 ltem,
389 3171 554 3256 impressio
578 3170 696 3254 agentis
721 3189 784 3234 non
809 3182 949 3234 remanet
965 3170 995 3234 in
1012 3169 1135 3248 ellectu,
1214 3231 1215 3258 3

209 3274 349 3326 cessante
373 3261 495 3325 actione
518 3259 647 3344 agentis,
672 3258 728 3322 nisi
752 3269 888 3324 vertatur
924 3258 955 3322 in
991 3271 1134 3324 naturam
1214 3269 1215 3326 i

210 3349 346 3428 effectus3
369 3349 489 3414 formae
512 3350 596 3413 enim
619 3359 837 3431 generatorum
868 3360 899 3413 et
934 3348 1135 3433 proprietates

208 3438 347 3522 ipsorum
371 3450 511 3502 remanet
534 3437 565 3500 in
601 3437 645 3500 eis
680 3447 748 3521 post
784 3435 1028 3519 generationem,
1063 3436 1133 3521 quia

209 3525 387 3592 alliciuntur
409 3527 453 3590 eis
477 3523 642 3602 naturales3
667 3535 697 3588 et
731 3523 872 3590 similiter
906 3524 1029 3590 habitus
1064 3536 1134 3590 sunt
