2514 3972
213 231 277 299 dli
482 252 486 258 ’
539 251 595 299 tta.
618 253 659 298 ιιι.
684 250 748 297 oar.
772 249 819 296 cx.

211 320 294 409 quod
317 320 424 388 debuit
447 320 594 400 ordinari;
616 321 694 386 sicut
718 320 800 385 enim
818 319 849 384 in
866 317 955 384 nobis
970 328 1132 408 peecatum

212 425 257 476 est
280 431 317 476 ex
340 411 399 476 boo
421 411 505 496 quod
538 411 618 477 bona
654 408 810 485 inferiora,
832 407 948 474 scilicet
982 407 1135 494 corporis,

212 501 384 586 appetimus
419 501 545 584 ubsque*
570 499 680 566 ordine
710 499 846 574 rationis,
880 497 919 562 ita
944 499 974 563 in
1009 495 1135 563 diabolo
1241 487 1242 522 l

213 603 372 674 peccatum
396 587 452 653 luit
476 589 506 652 in
532 589 590 654 boo
614 586 697 672 quod
733 586 892 674 proprium
929 587 1047 654 bonum
1071 605 1136 650 non

212 677 315 743 retulit
338 677 376 743 ad
400 677 537 742 ditinum
562 677 690 742 bonum.

277 766 364 832 Patet
385 767 477 832 etiam
501 765 585 852 quod
614 764 751 830 medium
786 763 904 830 virtutis
919 766 1020 830 ¹etiam
1045 783 1137 848 prae·

212 856 351 933 termisit,
373 855 557 941 inquantum
581 875 615 919 se
627 853 777 939 superiori
794 851 894 918 ordini
908 875 969 918 non
986 851 1137 930 subdidit;

213 957 243 1008 et
265 945 309 1009 sio
332 944 401 1031 plus
436 943 521 1010 dedit
554 943 611 1009 sibi
645 963 738 1028 quam
773 940 889 1006 debuit.
925 943 992 1007 Deo
1029 954 1136 1007 autem
1243 977 1244 980 =

212 1033 315 1098 minus
338 1051 430 1118 quam
454 1033 481 1098 ei
507 1032 682 1108 deberetur,
705 1030 754 1096 cui
789 1032 893 1096 omnia
928 1031 1044 1097 debent
1066 1049 1138 1096 esse

212 1120 349 1206 subjecta
374 1135 407 1187 ut
430 1123 548 1207 primae
571 1120 697 1204 regulae
721 1118 885 1184 ordinanti.

279 1209 473 1276 Manifestum
498 1225 544 1275 est
567 1210 659 1294 igitur
683 1207 765 1294 quod
789 1210 820 1272 in
845 1221 971 1294 peccato
994 1207 1048 1274 illo
1071 1227 1138 1272 non

213 1309 259 1362 est
283 1301 533 1382 praetermissum
567 1298 704 1362 mcdium
737 1317 793 1382 per
816 1296 1136 1380 superabundantiam

213 1389 373 1473 passionis,
397 1387 451 1453 sed
481 1387 582 1453 solum
617 1407 672 1472 per
710 1385 957 1470 inaequalitatem
988 1385 1140 1470 justitiae,

213 1495 294 1562 quae
316 1490 362 1542 est
384 1477 463 1542 circa
487 1474 691 1562 operationes.
725 1473 758 1538 ln
782 1474 957 1541 substantiis
981 1473 1065 1539 enim
1089 1495 1140 1539 se·

215 1565 327 1650 paratis
350 1565 544 1654 operationes
567 1585 635 1630 esse
655 1575 793 1652 possunt,
816 1564 973 1650 passiones
993 1583 1140 1630 verone·

214 1673 381 1739 quaquam.

281 1741 344 1808 Nec
367 1742 460 1806 etiam
484 1752 604 1828 oportet
625 1739 721 1825 quod,
743 1739 769 1804 si
792 1739 823 1804 in
839 1741 1055 1828 superioribus
1065 1761 1138 1807 cor-

214 1830 341 1916 poribus
362 1830 465 1895 nullus
490 1842 679 1917 potestesse
702 1827 850 1909 delectus,
874 1845 999 1916 propter
1019 1831 1081 1896 boe
1105 1831 1140 1895 in

213 1917 389 1984 substantiis
413 1919 558 2004 separatis
582 1929 740 2005 peecatum
764 1937 833 1982 esse
855 1939 918 1984 non
935 1922 1038 2005 possit.
1060 1918 1139 1985 Cor·

214 2027 290 2094 pora
313 2008 395 2072 enim
420 2022 451 2073 ct
473 2007 577 2073 omnia
605 2027 685 2094 quae
715 2006 834 2072 ratione
866 2022 971 2073 carent
1001 2021 1139 2094 aguntur

214 2109 343 2175 tantum,
367 2111 397 2162 et
420 2117 481 2162 non
520 2110 615 2181 agunt
639 2097 749 2181 seipsa,
774 2097 942 2162 nonenim
977 2099 1024 2164 sui
1049 2109 1139 2163 actus

213 2183 386 2252 dominium
410 2185 535 2262 babent,
558 2183 641 2250 unde
665 2205 726 2249 non
743 2198 872 2268 possunt
889 2186 1005 2252 exirea
1028 2185 1139 2271 regula

214 2274 305 2361 primi
329 2274 393 2360 ipsa
419 2273 536 2360 agentis
560 2287 590 2338 et
623 2273 784 2350 moventis,
810 2275 865 2338 nisi
883 2285 946 2360 'per
969 2275 1029 2340 boc
1051 2273 1139 2360 quod

212 2363 426 2428 rectitudinem
461 2364 580 2450 primae
618 2361 744 2445 regulae
781 2360 967 2429 sufficienter
997 2363 1140 2450 recipere

213 2471 274 2516 non
299 2466 439 2536 possunq
462 2449 673 2537 qnodquideut
698 2449 847 2534 contingit
869 2472 907 2517 ex
930 2452 1141 2538 indispositio·

214 2559 253 2603 ne
276 2541 433 2616 materiae3
455 2555 484 2604 et
508 2553 632 2626 propter
656 2539 715 2604 boc
745 2540 903 2624 superiora
937 2561 1079 2626 corpora,
1104 2541 1141 2607 in

214 2628 326 2713 quibus
348 2628 541 2714 indispositio
566 2629 712 2692 materiae
736 2627 838 2693 locum
863 2649 924 2694 nou
942 2631 1140 2706 babet,nun-

214 2737 308 2802 qnam
332 2739 349 2782 a
373 2715 555 2783 rectitudine
579 2717 696 2802 primae
710 2716 835 2798 regulae
848 2717 981 2783 delicere
997 2727 1139 2800 possunt.

214 2804 409 2874 Substantiae
433 2826 507 2871 uero
530 2805 694 2870 rationales
728 2805 792 2868 sive
815 2805 1039 2872 intellectuales
1072 2827 1140 2872 non

213 2908 332 2962 tantum
355 2909 499 2981 aguntur,
522 2893 576 2960 sed
608 2896 701 2958 etiam
736 2907 831 2976 agunt
864 2914 898 2959 se
922 2893 961 2959 ad
995 2894 1139 2982 proprios

215 2998 311 3061 actus;
335 2985 546 3072 quodquidam
585 2995 670 3046 tanto
705 2981 804 3064 magis
838 2982 993 3048 inuenitur
1025 2983 1057 3047 in
1092 2983 1140 3048 eis

116 3091 120 3102 ·
213 3088 330 3158 quanto
359 3072 524 3161 perfectior
547 3084 593 3136 est
609 3072 744 3157 ipsarum
764 3085 885 3148 naturu3
902 3092 1035 3157 quorum
1051 3071 1139 3136 enim

213 3177 324 3227 natura
348 3174 394 3227 est
417 3159 591 3248 perfectior,
614 3171 660 3224 est
682 3171 712 3223 et
737 3157 900 3243 perfectior
915 3181 1023 3226 eorum
1040 3160 1140 3225 uirtus
1246 3177 1247 3188 ¹

214 3252 246 3316 in
270 3250 400 3335 agend03
426 3249 508 3314 unde
532 3262 659 3313 naturae
684 3246 830 3335 perfectio
843 3268 904 3314 non
922 3247 1049 3335 impedit
1061 3249 1138 3334 quin

215 3353 373 3426 peccatum
397 3339 427 3404 ln
450 3341 495 3403 eis
518 3337 659 3401 accidere
682 3337 779 3421 possit
803 3337 898 3403 modo
916 3337 1082 3424 praedicto,
1099 3356 1140 3402 ex

216 3431 276 3494 boc
297 3428 414 3492 scilicet
436 3427 520 3512 quod
544 3425 703 3511 sibiispsis‚
728 3424 902 3506 inhaerent,
926 3426 1067 3494 ordinem
1084 3444 1139 3492 eu-

216 3516 344 3602 perioris
368 3515 485 3599 agentis
508 3532 572 3579 non
595 3513 796 3579 attendentes.
1145 3509 1153 3522 '
