2452 3970
402 259 459 306 arn.
483 261 522 307 m.
549 261 612 307 aar.
636 260 694 307 cix.
941 239 1002 308 tot

84 330 148 396 linis
172 329 340 416 cujuslibet
369 331 581 396 intellectualis
615 331 812 408 substantiae,
852 343 884 396 ut
922 347 1005 418 patet

83 441 116 484 cx
139 419 230 485 dictis
257 424 295 506 (c.
321 420 364 485 ⁶25
387 434 416 486 et
440 420 508 504 50),
532 421 632 486 omnis
655 435 757 484 autem
780 440 830 485 res
846 440 917 485 cum
934 442 1004 508 per·

81 510 196 574 venerit
223 509 263 573 ad
287 509 431 574 ultimum
456 508 562 588 finem,
595 510 712 595 quescit
750 509 902 594 appetitus
939 509 1005 594 ejus

80 597 243 674 naturalis,
266 611 387 685 oportet
410 598 494 682 quod
518 598 665 662 naturalis
689 598 841 683 appetitus
864 597 1005 662 substan-

82 689 139 750 tiae
160 687 380 752 intellectualis
405 686 539 751 divinam
566 687 768 752 substantiam
793 686 922 751 videntis
937 707 1005 750 om-

79 775 151 840 nino
175 777 325 862 quiescat.
348 776 403 840 list
426 789 527 840 autem
564 777 716 862 appetitus
740 775 886 840 naturalis
916 775 1006 840 intel-

79 863 174 928 lectus
200 879 237 929 ut
261 865 572 949 cognoscatomnium
585 885 689 930 rerum
715 884 826 948 genera
843 878 874 928 et
889 866 1006 950 species

79 953 385 1020 etvirtutesettctum
410 954 551 1019 ordinem
561 953 706 1029 uniuersi;
718 953 802 1038 quod
814 953 1005 1018 demonstrat

78 1041 255 1106 numanum
278 1043 414 1106 studium
438 1063 510 1126 erga
534 1043 654 1126 singula
678 1042 914 1125 praedictorum.
929 1042 1005 1124 Qui-

80 1129 153 1194 libet
169 1131 267 1215 igitur
282 1131 417 1196 divinam
442 1132 643 1198 substantiam
658 1129 825 1196 videntium
838 1133 1005 1216 cognoscit,

78 1220 183 1284 omnia
208 1220 392 1306 supradicta.

146 1308 299 1394 Amplius,
311 1308 342 1373 Si
360 1309 389 1373 in
403 1309 462 1373 hoo
480 1329 588 1378 sensus
602 1322 631 1372 et
654 1309 824 1374 intellectus
848 1307 1003 1382 differunt.

82 1409 113 1458 ut
135 1410 222 1482 patet
246 1399 277 1461 in
302 1399 391 1462 tertio
415 1398 454 1461 de
477 1399 584 1462 Anima
610 1403 695 1480 (text.
719 1419 833 1462 comm.
857 1398 904 1480 7),
919 1398 1003 1484 quod

80 1504 190 1550 sensus
215 1507 232 1550 a
258 1487 454 1551 sensibilibus
484 1485 702 1551 excellentibus
726 1486 932 1570 corrumpitur
956 1487 1004 1550 vel

82 1572 272 1654 debilitatur,
308 1589 341 1640 ut
364 1575 561 1660 postmodum
587 1575 706 1638 minora
729 1573 883 1640 se'nsibilia
909 1576 1005 1661 perci·

82 1681 154 1746 pere
190 1685 254 1730 non
290 1664 393 1750 possit.
432 1701 476 1714 —-
516 1663 687 1728 intellectus
710 1679 826 1741 autem,
848 1663 919 1748 quia
943 1685 1006 1728 non

83 1754 294 1840 corrumpitur
317 1773 374 1818 nec
399 1751 594 1839 impeditura
611 1772 667 1816 suo
685 1752 816 1836 objecto;
832 1752 886 1824 sed
904 1751 1006 1817 solum

85 1838 253 1923 perficitur,
289 1855 450 1928 postquam
487 1840 634 1906 intellexit
673 1841 774 1928 majus
818 1840 1009 1926 intelligibile

86 1946 147 2001 non
172 1931 276 1996 minus
301 1929 413 2018 poterit
436 1930 494 1994 alia
519 1929 721 2015 intelligibilia
747 1930 929 2014 intelligere,
950 1930 1007 1995 sed

86 2017 193 2101 magis;
218 2039 376 2084 summum
401 2033 502 2083 autem
527 2019 557 2082 in
571 2039 685 2102 genere
702 2019 941 2104 intelligibilium
960 2032 1007 2082 est

86 2104 186 2171 divina
211 2108 394 2186 substantia,
416 2146 460 2155 -
483 2108 654 2172 intellectus
677 2109 779 2192 igitur,
802 2109 853 2193 qui
879 2128 934 2194 per
959 2107 1006 2171 lu-

88 2212 156 2258 men
181 2196 321 2262 divinum
334 2197 523 2262 elevaturad
541 2196 707 2262 ridendum
725 2197 781 2260 Dei
790 2196 1003 2272 substantiam,

89 2283 183 2348 multo
222 2287 320 2370 magis
358 2285 467 2350 eodem
503 2285 620 2350 lumine
658 2285 813 2372 perimitur
836 2285 873 2350 ad
898 2285 1002 2351 omnia

86 2369 141 2434 alia
166 2374 364 2460 intelligenda
389 2388 560 2460 quaesunt
584 2375 615 2437 in
637 2395 741 2439 rerum
766 2387 883 2438 natura.

149 2462 269 2544 Adbuc,
294 2464 366 2528 iisse
389 2463 579 2548 intelligibile
604 2483 666 2527 non
700 2463 828 2528 minoris
866 2463 999 2528 ambitus

88 2561 132 2611 cst
154 2569 249 2636 quam
271 2573 339 2618 esse
362 2552 512 2629 naturale,
534 2552 587 2616 sed
612 2549 690 2616 sorte
713 2551 833 2638 majori3
863 2553 1000 2617 intellec-

86 2647 132 2701 tus
165 2641 249 2706 cnitn
288 2655 376 2706 natus
414 2653 460 2705 est
495 2641 600 2706 omnia
639 2661 718 2727 quae
747 2641 871 2705 suntin
895 2661 999 2707 rerum

88 2739 192 2792 natura
218 2730 398 2814 intelligere,
422 2735 450 2793 e't
474 2729 626 2814 quaedam
661 2728 801 2814 intelligit
822 2749 903 2814 quae
937 2751 1000 2794 non

88 2811 199 2890 babent
211 2838 279 2883 esse
303 2818 451 2897 naturale,
474 2819 551 2882 sicut
574 2819 752 2902 negationes
765 2832 793 2882 et
807 2819 1000 2903 privationes.

87 2900 309 2994 Quaecumque
345 2908 438 2991 igitur
475 2907 672 2991 requiruntur
706 2905 744 2970 ad
782 2905 1002 2992 perlectionem

88 3009 152 3056 esse
175 2997 321 3061 naturalis
345 2995 543 3082 requiruntur
580 2995 672 3058 etiam
710 2994 749 3058 ad
783 2993 1003 3076 perlectionem

89 3097 152 3146 essc
175 3083 382 3170 intelligibilis,
411 3083 574 3148 ueletiam
600 3083 697 3168 plura.
722 3081 875 3146 Persectio
899 3097 1003 3146 auteur

88 3185 150 3233 esse
172 3173 371 3258 intelligibilis
393 3186 439 3236 est
462 3171 718 3236 cumintellectus
738 3169 884 3251 adsuunt
906 3172 1004 3236 finem
1108 3199 1111 3221 ι

87 3255 224 3324 ultimum
263 3262 448 3348 pervenerit,
471 3262 549 3324 sicut
583 3259 729 3347 periectio
755 3280 823 3323 esse
856 3260 1004 3326 naturalis

89 3341 115 3406 in
138 3347 200 3432 ipsa
225 3371 328 3416 rerum
355 3349 572 3415 constitutione
596 3349 743 3414 consistit.
781 3346 892 3414 Omnia
911 3349 1003 3434 igitur

89 3451 162 3514 quae
184 3438 267 3503 Deus
291 3439 328 3504 ad
346 3438 564 3529 perlectionem
590 3438 723 3504 universi
748 3438 891 3524 produxit
915 3439 1000 3504 intel·

89 3515 172 3590 lectui
196 3547 229 3594 se
252 3529 366 3594 videnti
392 3526 574 3595 manifestat.
