2516 3968
206 209 271 276 478
421 232 477 278 ιιι.
502 233 542 278 ιιι.
567 233 631 278 etr.
656 231 739 277 cirri.
774 230 809 276 er
833 230 927 280 otrtrt.

204 301 258 386 qui
282 298 428 366 dixerunt
451 301 534 388 qood
558 301 598 366 de
623 300 753 387 peccatis
776 300 889 385 quibus
925 312 992 386 post
1026 299 1130 391 bapti·

203 409 308 456 amum
332 404 439 477 peccat
462 391 557 456 lromo
582 391 704 455 reniam
727 388 876 476 consequi
909 409 971 454 corr
994 404 1107 478 potest.

514 563 687 632 CAPUT
729 562 839 632 ctttt.

281 742 371 825 Quod
393 741 482 808 tomo
505 763 526 806 o
542 753 673 844 ¹peccato
705 739 839 844 liberari
861 761 923 806 raon
941 752 1044 827 potest

514 851 574 896 utar
595 851 656 915 per
668 843 815 916 proteum.

202 999 205 1009 '
267 1007 309 1074 llr
331 1005 449 1074 eisdem
467 1006 564 1074 vetiam
589 1005 708 1072 ostendi
745 1018 844 1094 potest
866 1005 950 1093 quod
984 1007 1121 1076 homoa

202 1109 328 1184 peccato
343 1096 463 1162 mortali
478 1115 639 1179 resurgere
651 1116 714 1160 non
732 1109 830 1182 potest
844 1096 900 1160 nisi
914 1098 1123 1183 pergratiam.

269 1185 328 1252 Per
352 1199 512 1273 peecatum
536 1185 619 1250 enim
644 1185 777 1249 mortale
800 1183 896 1250 homo
936 1185 976 1250 alr
1012 1185 1123 1254 ultimo

201 1274 264 1344 line
287 1275 441 1340 avertitur.
466 1275 499 1338 lo
525 1274 667 1339 ultimum
694 1287 797 1338 autem
821 1271 916 1338 linem
939 1272 1034 1340 homo
1058 1295 1121 1342 noo
1256 1327 1257 1340 ,

201 1363 360 1430 ordinatur
383 1364 440 1428 uisi
464 1383 518 1450 per
541 1363 682 1447 gratiam.
707 1360 766 1426 Per
789 1361 888 1427 solam
922 1361 1014 1448 igitur
1048 1384 1121 1450 gra·
1256 1407 1257 1414 ι

201 1454 274 1518 tiam
299 1453 393 1518 homo
416 1464 554 1536 potesta
578 1463 703 1536 peceato
726 1469 898 1534 resurgere.

268 1540 386 1619 Adhuc,
410 1539 536 1606 Olleasa
560 1541 680 1604 connisi
698 1559 754 1625 per
776 1538 971 1606 dilectionem
994 1539 1121 1608 tollitur.
1256 1557 1257 1620 l

201 1628 262 1696 Sed
286 1650 341 1716 per
363 1643 523 1714 peccatum
548 1627 677 1692 mortale
702 1630 796 1692 homo
819 1625 969 1694 ollensam
993 1629 1049 1694 liei
1073 1630 1122 1694 in·
1256 1637 1257 1662 ³

200 1719 305 1798 currit3
329 1716 440 1783 dicitur
463 1719 555 1793 enim,
570 1717 654 1802 qaod
677 1715 761 1780 Deus
784 1730 960 1802 peccatores
985 1717 1059 1794 odit,
1074 1718 1122 1784 io-
1256 1783 1257 1808 p

200 1820 350 1894 quantum
375 1806 438 1872 vult
461 1825 514 1876 eos
548 1809 669 1892 privare
704 1803 813 1870 ultimo
847 1803 908 1870 fine
945 1825 1039 1892 quem
1072 1806 1122 1874 lris

199 1916 277 1982 quos
298 1895 399 1980 diligit
433 1906 604 1982 praeparat.
639 1893 706 1958 Non
742 1913 816 1978 ergo
852 1893 947 1960 homo
980 1907 1121 1982 potesta

199 1984 321 2050 mortali
344 1997 469 2070 peceato
492 2002 653 2066 resurgere
670 1981 727 2046 nisi
744 2001 798 2068 per
809 1982 938 2067 gratiam
956 2003 1121 2070 perquam

192 2070 233 2138 -fir
255 2071 407 2159 quaedam
430 2071 562 2138 amicitia
585 2073 666 2136 inter
690 2070 792 2136 Deum
831 2083 862 2136 et
884 2071 1054 2138 hominem.

265 2161 372 2228 Adhuc
395 2159 488 2226 etiam
510 2158 614 2224 induci
637 2172 764 2246 possunt
786 2179 895 2226 omnes
911 2159 1046 2227 rationes
1069 2181 1121 2227 su·

198 2250 301 2338 parius
325 2250 378 2336 (c.
404 2249 493 2335 ttt)
517 2251 633 2336 positae
656 2247 696 2312 de
718 2248 835 2332 gratiae
861 2249 1053 2316 necessitate.

265 2338 342 2404 llinc
363 2351 410 2404 est
431 2337 515 2425 quod
537 2336 656 2402 dicitur:
681 2335 743 2422 Epo
766 2356 836 2402 sum
858 2337 934 2421 ipre,
957 2338 1010 2422 qui
1031 2338 1119 2404 deleo

195 2425 377 2512 iniquitates
401 2437 470 2494 titur
491 2437 623 2511 propter
643 2445 703 2500 me,
727 2425 805 2504 lsai,
827 2425 883 2503 tc,
920 2426 974 2506 253
996 2439 1036 2494 ec
1059 2427 1120 2493 lie·

197 2517 310 2582 misisti
343 2516 536 2601 iniquitatem
567 2513 669 2598 plebis
708 2523 790 2594 tuoe
832 2516 982 2600 operuisti
1013 2517 1121 2584 omrrio

195 2615 453 2690 peccatotorum,
476 2603 599 2682 Psalm,
622 2601 675 2679 at,
698 2602 729 2669 5.

264 2692 323 2760 Per
346 2693 404 2760 hoo
427 2706 531 2758 autem
554 2691 726 2762 excluditur
748 2710 836 2756 error
870 2689 1120 2779 Pelagianorum,

196 2781 250 2870 qui
273 2781 417 2850 dixerunt
439 2782 599 2848 hominem
623 2799 713 2868 posse
740 2799 758 2846 a
793 2792 918 2867 peccato
955 2801 1120 2870 resurgere

190 2871 404 2958 per'lib'erum
426 2870 600 2938 arbitrium.

483 3042 830 3114 orrorotvur.
922 3113 924 3120 ,
1003 3019 1006 3028 ’
1107 3007 1111 3018 ’

348 3223 491 3309 Qualiter
513 3223 602 3290 horto
624 3232 786 3310 operculo
811 3220 971 3294 liberetur.

263 3403 341 3488 Quia
365 3422 439 3470 vero
462 3401 557 3468 homo
581 3421 644 3468 noo
667 3413 770 3490 potest
789 3399 830 3468 ad
867 3423 964 3472 orrum
999 3401 1120 3491 opposi-

199 3503 301 3562 torum
324 3491 424 3560 redire
447 3491 505 3560 uisi
527 3491 654 3558 recedat
677 3491 716 3558 cb
749 3489 823 3573 alio,
859 3491 899 3560 ad
937 3493 997 3562 hoc
1033 3489 1118 3580 qood
