2372 3966
211 193 273 258 108
514 199 570 254 arn.
596 188 634 254 tir.
658 209 722 254 car
746 208 801 252 xm.

207 283 321 348 scilicet
342 293 374 346 et
396 279 508 368 speciei
531 293 561 346 et
595 278 793 350 substantiae.
831 276 899 344 Nou
938 278 1029 360 igitur
1067 298 1177 382 per·
1176 285 1177 298 ³

210 370 265 436 lias
287 369 471 455 qttidditates
494 369 533 436 de
556 369 734 436 substantiis
756 367 904 452 separatis
939 367 1086 451 aliquid
1077 388 1133 434 rn-

207 461 302 545 tclligi
323 459 446 546 poterit,
466 459 523 524 nisi
547 471 700 524 remotum
717 476 815 542 genus
835 456 981 542 ipsarum.
994 439 1177 542 CognitoJ

208 563 312 616 autern
335 569 459 633 genere,
482 568 544 614 non
569 559 692 632 propter
716 545 775 612 boc
797 545 993 628 cognoscitur
1004 566 1177 632 species
1176 553 1177 556 ’

209 639 266 704 nisi
289 638 320 702 in
344 637 488 723 potentia
512 636 579 702 Non
618 635 728 720 poterit
765 634 858 718 igitur
887 633 1014 717 intelligi
1053 635 1177 701 sub·

208 727 316 794 stantia
340 738 478 810 separata
502 744 557 810 per
579 723 767 790 intellectum
784 725 895 790 barum
909 722 1131 808 quidditatum.
1176 709 1177 806 J

273 814 421 902 Amplius,
445 811 540 896 Major
562 824 608 878 est
635 811 776 878 distantia
816 811 1004 880 substantiae
1037 831 1177 916 sepa-J
1176 823 1177 878 l

209 918 292 968 ratae
316 924 343 966 a
356 902 552 968 sensibilibus
574 921 667 986 quam
692 901 784 968 unius
807 901 960 968 sensibilis
989 901 1029 968 ab
1053 901 1131 966 alio.
1176 917 1177 970 t

209 992 270 1056 Sed
308 991 478 1074 intelligere
512 989 713 1075 quidditatem
748 991 840 1057 unius
875 990 1027 1058 sensibilis
1062 1011 1132 1056 non
1176 977 1177 1068 l

208 1080 322 1146 sullioit
345 1080 383 1146 ed
400 1079 630 1165 intelligendam
655 1079 855 1165 quidditatem
894 1079 1019 1146 alterius
1057 1099 1133 1146 sen·
1176 1075 1177 1166 l

208 1170 315 1242 sibilis,
338 1189 447 1236 caecus
470 1171 553 1236 enim
579 1182 678 1246 natus,
701 1189 756 1254 per
779 1168 839 1237 boc
868 1168 951 1252 quod
984 1167 1177 1270 intelligit
1176 1167 1177 1208 l

209 1259 410 1344 quidditatem
434 1259 512 1334 soni,
534 1257 732 1324 nullomodo
755 1272 854 1343 potest
888 1257 1049 1362 pervenire
1087 1258 1132 1322 ad

209 1346 441 1433 intelligendam
465 1346 667 1432 quidditatem
691 1347 812 1412 coloris.
836 1346 961 1410 blulto
954 1347 1046 1430 igitur
1070 1348 1132 1412 mi
1176 1347 1177 1402 l

209 1459 267 1503 rius
291 1458 345 1524 per
369 1438 428 1504 boc
450 1435 535 1522 quod
558 1436 707 1538 intelligat
729 1436 797 1520 quis
832 1435 1034 1521 quidditatem
1058 1455 1133 1500 sen·

211 1527 306 1594 sibilis
341 1526 539 1604 substantiae,
573 1527 683 1612 poterit
716 1525 888 1610 intelligere
924 1523 1177 1638 quidditatemJ
1176 1509 1177 1578 l

210 1617 398 1684 substantiae
414 1629 582 1701 separatae.
1176 1603 1177 1696 l

277 1703 410 1782 ltem,Si
434 1705 526 1768 etiam
550 1722 702 1789 ponamus
736 1701 820 1787 quod
857 1701 1048 1770 substantiae
1082 1723 1136 1770 se·

211 1807 333 1878 paratae
349 1792 440 1858 orbes
464 1804 667 1858 moveantar
691 1812 823 1878 quorum
851 1791 986 1858 motibus
1001 1811 1136 1858 causan-

212 1897 261 1946 tur
284 1881 403 1946 formae
425 1881 627 1958 sensibilium,
652 1881 701 1946 hic
725 1881 836 1947 modus
858 1881 1046 1966 cognitionis
1059 1813 1177 1946 sub-J

211 1971 339 2041 stantiae
361 1983 521 2056 separatae
543 1990 580 2036 ex
614 1931 809 2036 sensibilibus
846 1991 909 2036 non
943 1969 1061 2036 suflicit
1094 1971 1137 2035 ad
1176 1949 1177 2058 J

211 2059 368 2126 solandam
392 2058 625 2144 quidditatent
618 2079 765 2146 ipsarum.
789 2058 866 2124 Nam
890 2078 945 2144 per
980 2057 1135 2124 ellectum

212 2149 305 2214 scitur
328 2169 430 2227 causa,
453 2149 502 2212 vel
526 2149 645 2214 ratione
667 2147 874 2216 similitudinis
896 2167 978 2232 quae
992 2149 1136 2214 estiuter
1176 2171 1177 2174 ¹

212 2237 357 2304 ellectum
381 2251 411 2302 et
433 2257 568 2315 oausam,
603 2237 652 2302 vel
684 2237 867 2322 inquantum
908 2236 1037 2304 ellectus
1077 2238 1136 2303 de·
1176 2239 1177 2282 3

212 2339 362 2393 monstrat
384 2327 525 2392 virtutem
549 2347 670 2392 causae.
694 2326 821 2392 Ratione
849 2338 955 2392 autem
985 2326 1135 2392 similitu-

213 2416 293 2480 dinis
316 2437 352 2480 ex
376 2414 488 2482 ellectu
512 2436 573 2479 non
597 2416 707 2500 poterit
744 2416 813 2480 sciri
849 2415 889 2480 de
924 2435 1015 2482 causa
1054 2417 1135 2502 quid

213 2518 269 2580 est,
291 2505 348 2570 nisi
372 2507 410 2570 sit
430 2525 524 2588 agens
549 2505 638 2568 unius
662 2503 785 2588 speciem
809 2505 851 2570 sio
875 2517 978 2570 autem
1003 2525 1067 2570 non
1098 2525 1136 2572 se

214 2593 328 2658 babent
350 2594 537 2658 substantiae
560 2608 720 2680 separatae
742 2592 781 2656 ad
805 2593 970 2660 sensibilia.
1000 2593 1135 2659 llatione

148 2711 154 2726 *
212 2697 316 2748 autem
357 2682 474 2748 virtutis
508 2683 567 2746 hoo
601 2682 694 2748 etism
730 2684 792 2748 don
815 2694 915 2767 potest
952 2701 1033 2758 esse,
1072 2683 1133 2746 nisi

213 2772 337 2858 quando
361 2771 488 2838 allectus
511 2771 661 2856 adaequat
699 2772 840 2836 virtutem
879 2791 991 2836 causae
1028 2771 1136 2858 (tuno

212 2863 297 2926 enim
320 2880 375 2946 per
397 2859 540 2926 ellectum
565 2873 626 2926 tota
651 2860 745 2926 virtus
777 2879 888 2924 causae
924 2861 1136 2945 cognoscitur,

215 2951 310 3016 virtus
333 2961 435 3050 autem
459 2949 502 3014 rei
538 2949 728 3016 demonstrat
762 2948 965 3016 substantiam
998 2948 1137 3035 ipsius);

215 3040 275 3106 hoc
297 3052 400 3104 autern
423 3038 454 3102 in
478 3039 634 3125 proposito
657 3038 715 3104 dioi
740 3057 802 3102 noo
827 3050 936 3122 potest;
974 3057 1047 3104 nam
1072 3039 1136 3102 rir-

215 3142 294 3196 tutes
316 3123 558 3194 substantiarum
579 3140 789 3214 separatarum
817 3128 969 3194 excedunt
1003 3125 1135 3194 ellectus

214 3216 373 3282 sensibiles
395 3237 503 3284 omnes
526 3237 603 3303 quos
637 3215 792 3282 intellectu
825 3215 1135 3302 comprehendimus,
1176 3265 1177 3280 ,

112 3385 114 3393 J
215 3307 293 3370 sicut
315 3305 410 3370 virtus
432 3305 612 3370 universalis
635 3302 780 3372 ellectum
810 3304 1038 3389 particularem.
1062 3305 1134 3371 Non

180 3431 183 3438 ·
216 3408 262 3458 est
284 3393 375 3476 igitur
397 3391 542 3477 possibile
564 3392 658 3476 quod,
692 3413 747 3479 per
784 3393 975 3458 sensibilium
1011 3394 1133 3459 intelle·

215 3495 311 3556 ctum,
333 3477 477 3542 devenire
498 3481 650 3565 possimus
676 3481 714 3543 ad
738 3481 972 3568 intelligendum
986 3482 1132 3550 substen-

218 3572 273 3634 tias
292 3581 455 3652 separatas.
