2452 3970
220 183 283 248 tac
529 197 585 242 ιιιι.
608 198 648 242 ιιι.
673 197 736 242 eno.
760 195 847 250 ιιιιιιι.

217 270 268 336 uel
283 287 338 356 per
360 262 495 351 aliquem
519 281 651 354 raptum.
675 266 753 332 Hinc
775 264 927 353 estquod
961 263 1072 332 dicitur
1097 281 1143 332 ex

219 377 353 446 persona
370 354 437 422 Dei:
459 353 529 422 Non
549 354 667 422 videbit
687 377 735 425 me
758 356 860 431 homo,
881 367 913 420 et
933 355 1024 434 ciaet,
1040 353 1144 420 Exod.

221 447 341 527 ΜΟ.

287 532 380 618 Quod
413 545 515 598 autem
550 531 581 602 iu
615 553 701 600 sacre
737 531 892 618 Scriptura
921 531 1015 618 aliqui
1037 531 1145 598 Deum

220 625 335 691 uidisse
359 623 512 698 dicuntur,
537 635 657 706 oportet
695 621 822 706 intelligi
861 621 920 688 hoc
952 620 1047 688 luisse
1086 639 1146 706 per

222 715 357 802 aliquam
371 707 583 794 imaginariam
596 710 746 776 visionem
762 731 817 776 seu
829 711 921 778 etiam
936 709 1147 797 corporalem,

221 816 314 891 prout
336 799 450 866 scilicet
474 817 528 884 per
551 798 667 884 aliquas
689 819 852 886 corporeas
875 799 993 886 species
1019 797 1066 862 vel
1093 817 1149 862 ex·

222 893 318 958 torius
343 900 525 976 apparentes
549 887 595 952 vel
620 889 746 954 interius
770 887 915 954 formatas
939 888 969 952 in
994 888 1149 970 imagina-

223 983 318 1058 tione,
356 977 476 1042 ditinae
514 977 632 1042 uirtutis
671 977 841 1063 praesentia
865 976 1149 1050 demonstrabatur,

225 1068 389 1134 ueletiam
413 1065 584 1132 secundum
608 1066 690 1152 quod
714 1067 833 1153 aliquae
860 1065 1036 1152 spirituales
1069 1065 1149 1130 sub-

226 1157 357 1224 stantiae
380 1154 515 1240 aliquam
538 1155 749 1240 cognitionem
773 1155 813 1220 de
836 1155 903 1220 Deo
920 1152 1149 1240 intelligibilem

229 1257 443 1335 perceperunt.

289 1331 514 1400 ,Difficultatem
538 1344 642 1396 autem
666 1331 798 1398 afferunt
813 1331 965 1418 quaedam
981 1333 1073 1396 verba
1087 1329 1151 1396 Au·

228 1423 355 1510 gustini,
378 1442 415 1488 ex
438 1421 549 1508 quibus
580 1421 701 1486 uidetur
724 1420 863 1506 quodaiu
886 1421 944 1488 hec
967 1421 1026 1486 vita
1050 1422 1150 1508 possi-

228 1534 298 1580 mus
336 1511 507 1595 intelligere
545 1510 647 1596 ipsum
686 1510 797 1588 Deum;
836 1509 910 1575 dicit
947 1512 1030 1574 enirn
1064 1508 1151 1594 quod

227 1606 260 1668 ia
285 1602 344 1668 illo
365 1613 492 1667 ceteram
514 1601 653 1678 ueritate,
677 1619 714 1664 eac
748 1618 811 1682 qua
846 1600 1032 1683 temporalia
1064 1601 1151 1682 (aete

230 1703 303 1756 suot
324 1692 438 1767 omniu,
460 1688 596 1771 formum
617 1688 783 1753 secundum
805 1708 899 1774 quam
913 1708 1018 1754 sumtu
1051 1699 1080 1752 ct
1102 1708 1150 1752 se-

231 1779 364 1854 cuudum
386 1798 479 1863 quum
501 1778 595 1842 celin
619 1777 706 1841 uobis
727 1777 776 1842 vel
798 1779 829 1842 t'n
842 1776 1108 1862 corporibueoera
1122 1787 1152 1840 et

230 1879 315 1933 rectu
338 1869 457 1933 ratione
480 1867 601 1951 aliquid
626 1885 802 1951 operamur,
824 1868 893 1934 viru
915 1866 1027 1930 mentis
1065 1867 1150 1948 aspi-

231 1959 339 2032 cimus,
361 1967 452 2040 etque
472 1955 546 2020 istrie
568 1967 746 2040 conceptam
775 1975 880 2020 rerum
908 1974 1048 2020 veracem
1070 1957 1152 2020 tacti-

234 2049 310 2110 ticm
336 2057 492 2129 tamquam
513 2043 639 2109 cubum
662 2043 748 2128 opud
770 2064 825 2110 nos
848 2042 1006 2121 labemus,
1037 2056 1067 2108 et
1100 2045 1151 2107 di·
1215 2055 1216 2060 ’

230 2135 326 2201 eetrdo
348 2136 430 2199 intus
451 2133 603 2220 gignimus
625 2131 688 2222 (l).
706 2133 785 2198 Dicit
808 2133 910 2198 etiarn:
936 2132 972 2198 st
998 2131 1090 2198 umbo
1107 2133 1152 2196 ci·

231 2221 340 2290 demus
372 2243 479 2288 cerunt
517 2243 582 2288 eoae
619 2222 702 2308 quod
724 2221 812 2300 dicis,
835 2234 865 2287 et
886 2223 976 2286 ambo
1011 2223 1153 2288 uidemus·

232 2333 338 2379 verum
376 2332 440 2376 esec
474 2313 557 2397 quod
579 2312 659 2387 diem
693 2309 757 2389 aot,
779 2330 903 2395 quecea,
928 2313 961 2376 id
995 2313 1154 2378 uidemus?

234 2402 298 2468 Nee
320 2420 373 2487 epo
411 2402 512 2486 utique
534 2403 567 2465 in
591 2413 629 2480 te,
651 2420 705 2464 nec
729 2411 761 2465 tu
783 2403 815 2464 in
842 2421 902 2474 me·
925 2400 980 2466 scel
1006 2399 1099 2466 arabe
1122 2403 1155 2464 r'n

232 2493 315 2576 ipso,
337 2509 415 2576 quae
438 2510 535 2574 supra
557 2501 672 2556 mentes
692 2500 818 2554 nostem
840 2501 895 2568 est,
906 2489 1156 2558 incommutabili

193 2617 194 2620 =
242 2579 375 2646 Veritete
401 2579 459 2664 (2).
483 2579 580 2644 Etiam
604 2579 676 2644 dicit
697 2575 782 2664 quod
799 2578 970 2644 secundum
993 2580 1154 2644 veritatem

234 2669 370 2736 divinam
382 2667 421 2734 dc
433 2669 576 2734 omnibus
588 2666 763 2752 judicamus
780 2667 839 2758 (3).
855 2667 936 2734 Dicit
948 2682 1052 2734 autem
1068 2669 1156 2754 quod

231 2759 321 2843 prius
342 2758 415 2844 ipae
436 2758 581 2844 (ueritus)
605 2756 813 2842 cognoscendo
838 2768 894 2835 eet,
901 2776 960 2840 per
974 2777 1070 2841 quum
1083 2777 1155 2841 pos·

233 2858 305 2914 suot
326 2847 385 2914 itta
407 2847 509 2933 (Deus
532 2856 561 2910 et
584 2849 704 2926 anima)
729 2845 870 2930 cognosci
895 2846 959 2929 (l);
997 2845 1082 2932 quod
1116 2847 1157 2912 de

235 2937 361 3003 veritate
383 2935 485 3002 divina
508 2934 679 3020 intelligere
702 2933 831 3002 videtur.
856 2933 982 3000 Videtur
1005 2955 1093 3020 ergo,
1118 2956 1158 3000 eu

235 3026 336 3092 verbis
359 3024 437 3110 ejus,
459 3023 542 3111 quod
567 3027 668 3112 ipsum
691 3023 804 3098 Deum,
826 3023 879 3110 qui
902 3043 957 3088 sua
971 3025 1084 3090 veritas
1101 3039 1160 3101 est,

238 3114 409 3191 videamus,
426 3125 456 3180 et
479 3132 534 3201 per
557 3113 659 3202 ipsum
682 3112 741 3178 alia
764 3131 997 3198 cognoscamus.
1016 3113 1060 3178 Ad
1074 3112 1160 3187 idem
1214 3139 1215 3146 ¹

290 3271 331 3342 (ll
351 3271 378 3326 S.
396 3272 474 3344 Aug„
493 3273 525 3326 de
547 3273 643 3327 Triarii.
660 3273 678 3326 l.
696 3269 722 3339 9,
740 3287 762 3324 c.
782 3269 807 3324 7.

291 3343 330 3411 (2)
349 3343 376 3396 S.
394 3345 472 3413 Aug,
494 3343 621 3413 confess„
644 3346 660 3398 l.
679 3342 722 3411 ta,
739 3359 761 3395 e.
781 3341 826 3397 25.

289 3414 330 3484 (ὅ)
349 3415 376 3468 S.
394 3415 472 3484 Aug„
490 3416 521 3467 de
544 3415 608 3470 Vero
627 3415 721 3485 netq,
738 3429 762 3468 e.
781 3413 826 3470 51.

289 3485 328 3556 (l)
347 3485 375 3543 S.
394 3485 472 3556 Aug„
485 3484 609 3560 soliloq„
627 3487 644 3538 l.
665 3485 690 3554 l,
709 3502 731 3538 e.
751 3483 796 3541 15.
