2452 3970
386 267 442 314 trs.
465 267 505 314 ιιι.
529 266 592 313 ιιι.
617 267 671 313 ιιι.
915 245 996 331 ttott
1065 239 1069 246 ”

82 338 125 405 tel
146 335 318 405 seeundum
343 336 522 402 earumdem
542 337 645 423 piures
661 337 803 403 rationes.
821 335 995 403 Intellectus

82 441 177 492 actem
202 427 324 492 divinus
347 425 465 491 excedit
488 447 614 490 omnem
640 427 829 492 intellectum
845 441 994 494 creatum.

81 517 165 582 Plura
178 517 271 602 igitur
286 515 444 600 cognoscit
456 535 548 602 quarn
561 515 733 580 intellectus
746 515 854 599 aliquis
865 529 995 580 creatus.

79 605 141 670 Non
164 619 269 670 autem
293 605 451 688 cognoscit
474 604 588 690 aliquid
627 605 684 668 nisi
723 625 778 690 ρει
815 604 874 668 Ιιοι
912 603 994 689 quod

78 713 161 759 suam
185 695 350 759 essentiam
374 692 514 771 tidet‚ut
536 706 694 758 ostensum
719 707 765 757 est
787 691 822 777 (Ι.
840 692 869 770 1,
884 711 911 758 e.
928 693 996 774 to).

80 783 167 848 Plura
193 782 287 868 igitur
309 795 380 847 sunt
404 781 621 867 cognoscibilia
646 803 700 870 per
734 781 897 847 essentiam
921 781 997 844 divi·

79 891 266 958 numquam
301 871 413 958 aliquis
451 871 623 936 intellectus
661 884 782 936 creatus
812 890 867 956 per
900 869 997 956 ipsam

78 961 179 1025 videre
203 959 308 1047 possit.

141 1050 261 1125 Adhuc,
285 1048 445 1130 Quantitas
468 1047 587 1113 uirtutis
623 1047 790 1113 attenditur
827 1048 997 1114 secuudum

80 1159 113 1202 ea
137 1138 168 1202 in
193 1157 274 1224 quae
299 1150 407 1224 potest.
425 1137 509 1202 idem
526 1137 618 1221 igitur
633 1151 680 1202 cst
696 1157 882 1222 cognoscere
895 1138 998 1202 omnia

81 1229 109 1291 in
132 1247 212 1312 qnae
237 1239 336 1312 potest
358 1225 460 1312 aliqua
484 1227 579 1290 virtus
596 1239 626 1290 ει
639 1227 736 1312 ipsam
753 1226 896 1290 virtutem
913 1247 999 1292 com·

80 1315 283 1400 prehendere.
306 1313 451 1379 Divinam
475 1328 578 1379 autem
603 1315 758 1392 virtutem,
787 1335 858 1378 eunt
893 1315 931 1380 sit
954 1317 998 1379 in·

80 1403 172 1483 finita,
196 1424 260 1468 non
288 1416 388 1490 potest
409 1404 519 1489 aliquis
553 1417 672 1468 oreatus
707 1403 878 1469 intetteetus
913 1424 998 1470 corn·

82 1493 284 1578 prehendere,
307 1493 385 1558 sicut
408 1513 466 1557 nec
492 1493 657 1556 essentiam
681 1491 747 1577 ejus
772 1507 804 1556 ut
834 1493 998 1578 probatum

82 1595 125 1646 est
146 1582 188 1669 (e.
215 1581 283 1666 tto).
307 1581 415 1667 Neque
437 1581 530 1666 igitur
553 1580 724 1646 intellectus
748 1595 868 1646 creatus
899 1595 1000 1668 potest

82 1690 267 1755 cognoscere
280 1672 383 1734 omnia
401 1671 430 1734 in
445 1690 525 1756 quae
537 1670 638 1734 divino
653 1671 747 1734 virtus
763 1682 872 1756 potest.
886 1668 998 1735 Omnia

84 1775 183 1824 autern
208 1761 241 1824 in
265 1779 343 1845 quac
367 1758 468 1822 divino
493 1760 587 1824 virtus
611 1772 711 1845 potest
732 1773 803 1824 sont
820 1781 874 1846 per
896 1780 1001 1824 essen-

84 1847 154 1913 tiam
178 1849 315 1914 ditinam
339 1847 567 1932 cognoscibilia;
591 1849 694 1912 omnia
718 1847 801 1912 enirn
844 1849 999 1934 cognoscit

86 1935 176 2014 Deus,
199 1951 231 2001 ει
253 1937 376 2001 nonnisi
400 1955 455 2022 per
478 1937 641 2000 essentiam
667 1957 765 2001 suam.
803 1935 870 2002 Non
909 1939 1001 2021 igitur

86 2026 256 2092 intellectus
271 2039 402 2102 creatus,
416 2024 522 2090 videns
538 2024 673 2089 divinam
690 2026 902 2102 substantiam,
920 2027 1000 2092 ridet

87 2115 185 2180 omnia
211 2115 345 2200 quaein
371 2114 428 2178 Dei
452 2113 619 2178 substantia
643 2114 739 2178 videri
763 2129 902 2200 possunt.-

147 2205 297 2290 nmpiius‚
320 2201 408 2268 Nuiia
433 2203 527 2268 virtus
539 2203 746 2286 cognoscitita
759 2205 918 2286 cognoscit
934 2224 1000 2268 rem

87 2291 218 2378 aliquant
243 2293 299 2357 nisi
334 2293 504 2356 secundum
540 2293 691 2356 rationem
725 2294 840 2378 proprii
879 2291 1001 2379 objecti;

87 2381 254 2447 tton'enim
278 2382 344 2445 visu
367 2381 582 2464 cognoscimus
605 2379 720 2466 aliquid
745 2381 800 2444 nisi
818 2384 1000 2468 inquantum

86 2483 129 2534 est
152 2471 335 2536 coloratum.
357 2469 521 2556 Proprium
535 2483 638 2534 cirtem
655 2469 812 2563 objectum
829 2471 1001 2536 inteliectos

87 2558 237 2645 estquod
260 2558 334 2644 quid
358 2572 415 2636 est,
437 2559 516 2624 idest
538 2559 706 2624 substantia
732 2559 787 2632 rei,
820 2574 853 2625 ut
891 2559 1002 2624 dicitur

88 2645 117 2710 in
140 2648 230 2713 tertio
253 2647 292 2712 de
315 2647 424 2711 Anima
448 2647 534 2736 (text.
547 2668 660 2712 comm.
677 2646 723 2732 9).
741 2647 835 2730 igitur
851 2647 1002 2734 quidquid

90 2735 258 2802 intellectus
281 2735 320 2802 dc
343 2737 445 2822 aliqua
483 2756 517 2800 re
554 2737 711 2820 cognoscit
744 2751 909 2820 cognoscet
948 2757 1002 2823 per

88 2826 292 2910 cognitionem
317 2823 505 2890 substantiae
529 2825 608 2889 iiiios
632 2826 687 2890 rei:
712 2823 805 2903 unde,
820 2827 849 2890 in
867 2825 1003 2912 qualibet

90 2910 349 2980 demonstratione
371 2933 427 3000 per
449 2932 542 2997 quam
567 2913 760 2977 innotescunt
776 2915 865 2980 nobis
880 2918 1002 3003 propria

90 3003 265 3082 accidentia,
280 3001 464 3089 principium
480 3002 646 3087 accipimus
661 3001 745 3086 quod
758 3003 831 3087 quid
847 3019 902 3082 est,
915 3018 948 3068 ut
960 3004 1004 3068 di-

91 3089 166 3156 citur
181 3091 445 3157 insecundolibro
462 3089 670 3155 Posteriorum
684 3091 769 3178 (text.
786 3112 900 3157 comm.
917 3093 962 3176 2).
973 3092 1003 3156 Si

92 3193 190 3246 autem
202 3181 403 3246 substantiam
442 3178 570 3263 aiicujus
586 3180 630 3244 rei
648 3177 818 3246 intellectus
841 3197 1005 3265 cognoscet

92 3286 144 3350 ρει
155 3269 331 3348 accidentia,
354 3270 432 3334 sieut
454 3267 565 3333 dicitur
587 3268 617 3332 in
631 3266 903 3355 primodennima
916 3273 1005 3357 (tent.

92 3375 201 3424 comm.
226 3359 282 3444 11)
306 3359 389 3445 quod
413 3357 580 3426 accidentia
603 3377 749 3443 magnam
789 3373 907 3446 portem
930 3380 1004 3425 con-

93 3441 190 3514 terunt
211 3447 250 3512 ad
274 3446 526 3533 cognoscendum
557 3446 640 3534 qoud
679 3445 832 3532 quidest,
868 3449 926 3516 hoo
961 3463 1007 3513 est

94 3551 145 3615 per
167 3537 320 3620 accidens,
343 3540 526 3626 inquantum
549 3536 683 3624 cognitio
714 3536 885 3624 intellectus
910 3539 1007 3605 oritur
