2462 3968
218 226 284 291 290
531 244 587 288 mn.
610 245 651 288 nr.
676 242 739 288 mr.
763 239 847 286 cxxv.

285 313 371 389 ltem,
395 312 534 398 Cognitio
564 312 750 398 speculativa
788 311 886 396 magis
924 310 1086 398 perficitur
1110 311 1146 375 in

218 403 382 468 universali
405 423 498 490 quarn
522 403 553 468 in
576 401 761 487 particulari,
784 401 855 484 quia
880 401 977 486 magis
998 401 1148 466 sciuntur

219 491 401 556 universalia
425 512 520 577 quam
545 489 749 575 particulatim
773 503 803 552 ει
826 504 952 575 propter
989 491 1048 554 hoc
1073 490 1147 554 uni·

218 581 496 646 versalissimorum
520 578 741 665 principiorum
765 579 901 660 cognitio
924 595 970 644 εει
998 599 1149 643 commu·

217 671 275 734 nis.
300 670 354 734 llle
377 689 449 734 vero
473 679 518 732 est
541 665 705 752 perfectior
727 667 758 730 in
791 667 916 730 scientia
952 667 1146 753 speculativa

112 826 114 830 ,
218 760 283 842 qui,
307 779 368 823 non
392 758 493 822 solum
518 756 735 833 universalem,
757 755 811 818 sed
851 757 1006 842 propriam
1030 757 1146 842 cogni·

219 849 333 912 tionem
358 847 397 910 de
421 846 513 910 rebus
537 844 640 918 haber
663 865 735 908 nam
758 844 809 929 qui
845 846 1000 929 cognoscit
1022 845 1052 910 in
1069 847 1146 910 uni·

220 936 329 1000 versali
352 947 471 1000 tautum
495 935 653 1015 cognoscit
680 953 747 997 rern
785 933 886 998 solum
926 935 956 998 in
991 935 1146 1020 potentia;

220 1023 452 1110 propterquod
476 1021 642 1108 discipulus
681 1021 720 1086 de
758 1023 923 1087 universali
960 1023 1145 1107 cognitione

219 1113 440 1200 principiorum
469 1112 624 1176 reducitur
662 1110 693 1173 in
732 1112 888 1196 propriam
928 1113 1143 1196 cognitionem

219 1201 449 1267 conclusionem
474 1220 529 1286 per
551 1200 742 1282 magistrum,
765 1199 816 1282 qui
842 1214 1004 1286 utramque
1029 1203 1144 1286 cogni-

220 1291 336 1356 tionem
360 1289 463 1368 hobet,
486 1291 562 1353 sicut
586 1288 700 1373 aliquid
733 1287 888 1356 reducitur
926 1290 965 1354 dc
982 1363 985 1370 ⁴
1003 1293 1143 1374 potentia

220 1380 251 1445 in
275 1393 376 1444 actum
402 1399 456 1464 per
478 1397 532 1442 ens
556 1391 634 1442 actu.
658 1377 752 1440 Multo
774 1376 867 1460 igitur
881 1379 977 1464 magis
994 1379 1145 1444 inscien-

219 1468 261 1532 tia
286 1468 417 1554 practica
442 1465 605 1553 perfectior
627 1479 673 1528 εει
696 1466 759 1550 qui,
783 1486 844 1530 non
874 1467 974 1530 solum
999 1471 1029 1532 in
1066 1469 1142 1534 uni-

219 1558 343 1636 versali,
367 1555 537 1620 sedetiam
561 1555 592 1618 in
617 1554 801 1640 particulari,
840 1575 898 1619 res·
927 1555 1061 1644 disponit
1100 1557 1144 1622 ad

217 1659 330 1711 actum.
356 1645 464 1710 Divina
489 1645 580 1728 igitur
605 1643 806 1728 providentia,
836 1663 917 1728 quae
955 1661 1001 1711 εει
1040 1645 1144 1733 perfe-

217 1736 362 1811 ctissima,
376 1754 484 1820 usque
508 1732 545 1796 ad
571 1731 736 1816 singularia
759 1752 792 1796 se
815 1733 960 1803 extendit.

283 1822 433 1909 Amplius,
467 1821 545 1888 Cum
584 1821 667 1885 Deus
690 1821 729 1884 sit
743 1841 834 1886 causa
856 1823 934 1887 entis
955 1823 1144 1910 inquantum

217 1925 262 1976 est
281 1922 351 1990 cns,
375 1924 514 1996 utsupra
539 1908 588 1995 (l.
612 1909 643 1986 ᾖ,
667 1929 692 1974 ε.
719 1909 789 1994 td)
828 1923 986 1976 ostensum
1025 1927 1080 1992 est,
1105 1935 1142 1979 o·

217 2013 317 2086 portet
341 1999 425 2086 quod
449 2001 513 2086 ipse
536 2000 578 2063 sit·
599 1999 737 2084 provisor
760 1998 838 2064 entis
872 2000 1057 2086 inquantum
1095 2017 1145 2068 est

217 2109 283 2166 cns,
307 2089 447 2175 providet
470 2087 554 2152 enim
579 2086 672 2151 rebus
696 2089 878 2173 inquantum
903 2103 949 2153 est
972 2110 1065 2157 causa
1087 2112 1144 2156 ea-

217 2199 295 2244 rnm.
322 2177 479 2264 Quidquid
516 2197 590 2260 crgo
628 2196 826 2262 quocumque
864 2177 958 2242 modo
997 2194 1043 2245 est
1081 2180 1143 2246 sub

216 2267 282 2350 ejus
306 2267 497 2354 providentia
510 2265 599 2331 cadit.
624 2263 798 2348 Singularia
822 2279 925 2330 autem
951 2282 1024 2332 sunt
1046 2270 1143 2349 entia,

216 2370 246 2420 ει
271 2357 367 2440 magis
391 2375 484 2442 quam
510 2353 704 2431 universalia3
742 2354 814 2439 quia
853 2357 1037 2422 universalia
1073 2379 1140 2423 non

215 2444 384 2510 subsistunt
410 2464 464 2530 per
487 2465 531 2523 se,
554 2442 607 2506 sed
632 2456 703 2507 sunt
725 2443 826 2508 solum
852 2445 881 2507 iu
921 2447 1140 2529 singularibus.

215 2533 266 2599 Est
290 2535 383 2618 igitur
406 2533 507 2598 divina
533 2529 724 2618 providentia
749 2533 841 2596 etiam
878 2534 1094 2618 singularium.

282 2623 368 2698 ltem,
392 2619 558 2687 Creaturae
582 2620 702 2684 divinae
728 2622 937 2705 providentiae
961 2624 1139 2690 subduntur

213 2726 306 2799 prout
329 2712 368 2777 ab
393 2710 461 2796 lpso
487 2712 516 2775 in
541 2709 635 2774 finem
674 2707 817 2774 ultimum
855 2710 1047 2791 ordinantur,
1086 2715 1138 2800 qui

214 2813 261 2866 cst
283 2801 404 2866 bonitas
427 2821 507 2864 suas.
533 2797 728 2881 participatio
752 2799 844 2882 igitur
872 2800 995 2864 divinae
1019 2801 1138 2867 bonita-

214 2890 252 2954 tis
276 2911 292 2954 a
317 2890 410 2955 rebus
433 2887 542 2952 creatis
566 2899 611 2950 εει
634 2907 689 2972 ρει
726 2885 860 2951 divinam
900 2890 1137 2974 providentiam.

213 2979 388 3056 Bonitatem
412 2989 515 3042 autem
540 2975 676 3040 divinam
703 2976 884 3062 participant
908 2977 1001 3042 etiam
1031 2980 1138 3066 singu-

212 3069 288 3133 laria
312 3067 532 3150 contingentia.
556 3062 684 3149 Oportet
708 3083 782 3147 crgo
805 3065 888 3151 quod
920 3067 1014 3132 etiam
1039 3070 1078 3134 ad
1102 3090 1136 3134 ea

212 3156 315 3221 divina
340 3154 532 3242 providentia
556 3173 589 3217 εε
615 3153 767 3219 extendat.
790 3170 792 3174 ·

281 3244 358 3309 l‘linc
374 3258 421 3311 εει
442 3243 527 3329 quod
551 3242 670 3306 dicitur:
696 3241 805 3308 Nonne
827 3241 888 3306 duo
899 3263 1046 3326 posceres
1069 3265 1137 3311 osse

212 3346 353 3410 veneunt,
376 3345 406 3398 et
428 3353 508 3398 unus
531 3351 569 3396 ert
591 3331 656 3403 illia
679 3352 739 3395 nort
766 3331 856 3396 cadet
894 3354 988 3418 super
1021 3347 1138 3400 terrant

157 3467 160 3480 .
213 3423 278 3486 sinc
303 3422 520 3499 Potrcuestro,
543 3421 659 3499 Matth,
696 3421 832 3500 l0,s99;
870 3435 910 3486 ct:
949 3425 1082 3508 Attinpt't
1118 3444 1137 3488 a

213 3513 273 3600 fine
296 3531 390 3594 usque
414 3511 456 3580 ad
478 3513 569 3596 finem
602 3509 736 3592 fortiter,
764 3508 846 3595 Sap,
879 3510 911 3590 8,
950 3513 980 3591 l,
1019 3513 1136 3582 idasta
