2462 3968
250 272 253 276 Δ
347 259 405 304 tut.
428 259 468 303 ιιι.
492 262 556 306 ιιι.
580 261 694 308 ιιιιιιιι.
925 244 990 309 969

69 348 196 414 rumque
219 329 361 406 voluerit,
384 329 548 396 inclinabit
582 331 676 410 illud,
711 329 934 410 broverum,
960 335 990 412 l,

68 416 201 484 ostendit
224 438 289 482 nou
312 418 413 484 solum
436 416 571 485 divinam
609 412 819 485 causalitatem
855 421 894 486 ad
934 443 987 507 po·

67 508 193 572 tentiam
219 507 383 572 voluntatis
413 508 547 586 extendi,
586 508 641 574 sed
678 509 770 573 etiam
808 509 847 574 ad
886 525 988 576 aetum
1094 575 1096 586 ,

68 615 81 660 ι
100 615 173 662 ειιιε.

79 615 98 683 p
132 684 224 762 item,
246 683 331 749 Deus
354 707 417 753 non
441 685 542 753 solum
568 684 620 751 dat
644 685 736 751 rebus
764 686 918 765 virtutem,
934 687 989 751 sed

68 773 157 838 etiam
182 772 269 837 nulla
293 795 342 840 res
366 790 464 862 potest
500 779 623 863 propria
658 777 769 840 virtute
805 795 906 859 agere,
932 776 989 840 nisi

68 875 136 947 agat
159 861 193 926 in
219 863 331 927 virture
352 865 458 951 ipsius,
483 879 628 950 utsupra
653 866 709 950 (tt.
733 863 806 949 70)
830 879 987 928 ostensum

68 965 122 1016 ost.
148 951 233 1036 Ergo
257 951 351 1016 homo
375 973 437 1018 non
460 967 560 1039 potest
599 954 709 1018 virtute
746 953 908 1018 uoluntatis
932 953 989 1018 sibi

68 1040 136 1106 data
160 1041 218 1116 uti,
240 1039 300 1104 nisi
324 1043 506 1128 inquantum
529 1043 592 1130 agit
615 1043 645 1106 in
670 1042 781 1106 virtute
819 1041 886 1106 Dei.
910 1040 988 1107 illuri

68 1141 170 1194 nutem
197 1130 229 1193 in
253 1127 340 1213 eujus
363 1131 473 1196 virtute
505 1151 600 1217 agens
635 1131 695 1216 agit
717 1143 763 1194 εει
796 1150 887 1195 causa
927 1151 988 1194 ιιοιι

68 1217 169 1282 solum
196 1219 326 1296 virtutis,
349 1219 403 1284 sed
427 1221 518 1285 etiam
547 1236 649 1296 aetum¹
680 1218 764 1305 quod
803 1219 833 1282 in
873 1219 989 1285 artitioo

68 1320 206 1394 apparet,
230 1306 261 1372 in
285 1308 373 1394 eujus
397 1309 507 1374 virtute
531 1309 593 1394 agit
621 1310 871 1385 instrumentum,
894 1309 987 1372 etiam

68 1395 149 1479 qood
172 1397 215 1461 ab
239 1398 298 1462 hoe
321 1397 436 1462 artilioe
460 1401 616 1484 propriam
640 1396 772 1463 formam
789 1397 987 1482 nonaoeipit‚

67 1484 121 1549 sed
143 1483 249 1550 solum
272 1485 311 1552 ab
333 1487 399 1572 ipso
422 1487 593 1573 applicatur
614 1486 653 1550 ad
666 1499 778 1551 notum.
796 1485 879 1550 Deus
896 1486 989 1569 igitur

68 1585 113 1636 est
135 1593 230 1640 eausa
254 1575 353 1655 nobis,
377 1596 439 1641 non
461 1575 563 1642 solum
596 1575 769 1654 voluntatis,
806 1573 862 1638 sed
895 1575 987 1639 etiam

69 1662 204 1728 volendi.
236 1716 239 1726 ,
823 1699 831 1722 .

133 1751 286 1839 Amplius,
311 1751 478 1819 Perleetius
501 1753 655 1819 invenitur
678 1751 768 1830 ,ordo
792 1751 822 1816 in
846 1751 988 1838 spiritua·

70 1837 148 1904 libus
171 1862 267 1925 quam
291 1842 321 1906 in
345 1843 566 1928 corporalibus.
589 1843 623 1907 lo
651 1839 860 1928 corporalibus
884 1853 986 1904 autem

70 1929 169 1994 omnis
194 1946 296 1996 motus
319 1945 459 1996 causatur
482 1953 498 1996 a
523 1932 622 2019 primo
639 1944 735 1996 motu.
752 1928 880 2016 Oportet
895 1930 988 2014 igitur

69 2017 150 2101 quod
174 2018 207 2084 in
231 2019 438 2106 spiritualibus
462 2023 562 2086 omnis
586 2033 687 2085 motos
710 2019 873 2084 voluntatis
889 2020 987 2106 prima

69 2106 225 2174 voluntate
246 2123 398 2187 causetur,
421 2129 500 2196 quae
524 2127 569 2174 est
592 2109 731 2174 voluntas
754 2107 821 2172 Dei.

132 2197 253 2276 Aditur,
277 2197 424 2284 Superius
448 2204 490 2282 (o.
528 2199 587 2282 70)
626 2213 784 2263 ostensum
808 2208 864 2271 εει
902 2195 986 2279 quod

68 2281 151 2351 Deus
174 2295 230 2353 est·
245 2307 335 2350 causa
358 2286 460 2352 omnis
482 2286 609 2352 aetionis
632 2299 663 2351 et
685 2297 830 2371 operatur
854 2285 985 2350 inomni

69 2389 189 2457 agente.
216 2375 265 2439 Est
288 2375 380 2459 igitur
402 2396 494 2440 eausa
519 2389 659 2440 motuum
683 2374 854 2441 voluntatis.

134 2463 223 2538 item,
246 2465 351 2546 Arguit
374 2464 550 2530 Aristoteles
572 2464 682 2551 (Ethio.
708 2462 800 2549 Eud.)
826 2482 881 2548 per
904 2461 988 2526 lruue

71 2550 210 2617 modum.
235 2551 332 2636 Hujus
355 2553 438 2639 quod
462 2553 571 2640 aliquis
609 2550 768 2636 intelligat,
801 2547 988 2629 eortsilietur,

71 2651 100 2702 et
121 2640 224 2727 eligat,
247 2655 277 2706 et
300 2641 381 2718 velit,
404 2655 524 2729 oportet
547 2641 662 2728 aliquid
686 2659 898 2714 esseenusam,
916 2642 987 2723 quia

71 2746 164 2793 omne
187 2749 302 2795 norum
326 2743 446 2818 oportet
469 2731 552 2816 quod
576 2730 688 2795 habeat
703 2729 836 2814 aliquam
853 2747 988 2805 oausam3

70 2816 93 2879 si
116 2831 221 2884 autem
244 2832 289 2884 est
312 2839 403 2884 εειιεε
440 2818 507 2904 ejus
545 2817 628 2884 aliud
662 2817 825 2884 eonsilium
861 2830 891 2881 et
928 2816 986 2880 aliu

70 2905 210 2972 voluutas
234 2907 431 2995 praecedens,
454 2927 525 2972 oum
550 2928 611 2972 uon
636 2907 674 2972 sit
701 2911 869 2992 procedere
892 2903 923 2966 in
941 2906 987 2969 bis

70 2992 99 3055 iu
123 2996 288 3073 inlinitum,
311 3009 432 3083 oportet
455 2996 603 3060 devenire
626 2995 665 3060 ad
688 2993 812 3079 aliquod
840 2994 987 3080 primum;

70 3080 244 3168 hujusmodi
268 3099 371 3150 autem
395 3086 529 3174 primum
553 3096 673 3171 oportet
688 3103 756 3148 esse
772 3083 886 3168 aliquid
903 3082 985 3168 quod

70 3185 113 3235 est
136 3175 247 3239 melios
270 3177 399 3255 ratione3
421 3174 499 3240 nibil
524 3187 626 3239 autem
650 3185 696 3237 est
708 3171 819 3236 melius
832 3171 986 3236 intellectu

70 3273 98 3322 et
120 3264 236 3328 ratione
262 3265 319 3330 nisi
343 3263 438 3339 Deus3
461 3275 507 3328 est
530 3263 622 3348 igitur
644 3261 727 3326 Deus
752 3261 885 3348 primum
900 3261 986 3348 priu-
1038 3345 1050 3356 ο

70 3346 179 3435 oipium
204 3367 378 3420 nostrorum
402 3351 599 3420 consiliorum
624 3365 654 3417 ει
678 3350 879 3418 voluntatum.
