2494 3970
231 235 273 302 58
559 259 615 304 ιιι.
639 260 680 304 ιιι.
705 257 770 306 etr.
793 258 844 304 ιιι.

273 323 341 392 Non
365 339 470 392 autem
494 340 595 413 potest
620 327 690 409 dici,
715 341 749 393 ut
771 328 877 394 dicunt
912 325 1050 415 quidam,
1070 327 1158 414 quod
1239 381 1240 388 ,

112 430 114 438 ‘
228 433 363 500 sequens
387 414 511 493 ablatio,
547 415 719 482 secondum
758 417 901 484 eamdent
925 416 1158 503 proportionem

229 501 309 568 facta
331 523 392 590 qua
415 517 445 570 et
467 505 561 592 prior,
585 506 616 570 in
653 505 807 572 infinitum
833 505 1015 592 procedens,
1037 505 1156 572 bonum

228 611 293 658 non
320 593 415 678 possit
443 613 637 672 consumere,
665 596 743 662 sicut
766 597 795 660 in
834 594 971 660 continui
1006 594 1156 660 diuisione
1239 679 1240 682 Ἴ

229 682 388 766 contingit.
411 681 499 761 Nam,
522 685 548 749 si
571 704 609 748 ex
632 682 790 750 bicubitali
809 683 889 750 linea
905 683 1066 750 dimidium
1079 683 1154 748 sub·
1239 711 1240 724 ι

229 770 356 835 traxeris
369 771 504 858 itemque
517 792 554 838 ex
561 771 684 838 residuo
699 773 861 838 dimidium
871 773 989 838 etsioin
999 770 1153 850 infinitum

229 858 389 944 procedas,
412 881 537 947 semper
559 861 674 946 aliquid
698 862 801 928 adhue
823 861 1023 927 dividendum
1050 881 1153 926 rema-

230 948 327 1025 nebit;
350 947 405 1012 sed
429 963 544 1029 tamen,
560 950 592 1015 in
609 951 667 1015 hoc
683 949 841 1016 divisionis
857 971 1013 1037 processu,
1028 969 1152 1036 semper

229 1037 598 1122 posterius-subtractum
621 1053 741 1126 oportet
763 1059 831 1105 esse
855 1042 956 1104 minus
978 1038 1149 1104 secundum

229 1126 440 1210 quantitatem
463 1127 624 1193 dimidium
648 1129 731 1194 enim
756 1131 846 1194 totius
863 1129 945 1213 qnod
968 1128 1053 1214 prius
1074 1127 1148 1194 sub·

230 1214 409 1280 trahebatur
432 1215 532 1300 majus
556 1231 602 1281 est
627 1217 799 1284 secundum
824 1218 1026 1303 quantitatem
1060 1215 1149 1281 abso·

228 1302 325 1368 lutum
348 1323 440 1390 quam
464 1305 627 1372 dimidium
640 1307 850 1385 dirnidii31ioet
865 1305 974 1370 eedem
991 1305 1149 1391 proportio

228 1405 360 1459 maneat.
386 1393 451 1458 Hoc
474 1407 577 1460 autem
599 1396 630 1460 in
654 1395 858 1461 diminutione
881 1414 942 1480 qua
963 1395 1079 1460 honum
1093 1413 1150 1480 per

229 1481 347 1548 maium
374 1482 556 1549 diminuitur
578 1505 774 1570 nequaquam
798 1497 897 1571 potest
918 1482 1058 1548 accidere
1087 1483 1150 1571 (i);

227 1591 318 1648 nam,¹
333 1585 449 1658 quanto
471 1572 588 1638 honum
612 1574 710 1658 tnagis
733 1593 788 1660 per
810 1573 926 1638 malurn
944 1572 1034 1638 suerit
1056 1571 1146 1636 dimi-

227 1673 348 1735 nntum,
372 1667 486 1745 (tanto)
509 1663 567 1726 erit
589 1661 751 1741 infirmius,
774 1664 870 1728 etsie
893 1681 948 1747 per
970 1659 1145 1726 secundum

226 1748 345 1814 maium
379 1749 478 1833 magis
512 1751 641 1816 diminui
677 1750 797 1836 poterin
832 1769 999 1836 rursusque
1027 1749 1145 1816 matura

227 1855 360 1920 sequens
381 1837 531 1922 contingit
560 1859 627 1904 esse
661 1839 789 1925 aequale
820 1841 867 1906 uel
902 1838 1001 1925 majus
1032 1837 1146 1924 priore;

226 1924 309 1990 unde
331 1945 396 1990 non
417 1947 543 2013 semper
563 1928 701 1994 secundo
724 1929 922 1994 subtrahetur
944 1950 961 1993 a
983 1927 1067 1994 bono
1091 1947 1147 2012 per

226 2013 342 2080 malum
366 2015 468 2080 minor
498 2016 570 2082 boni
610 2018 772 2104 quantitas,
805 2019 1004 2106 proportione
1025 2029 1147 2082 seruata
1237 2007 1240 2042 ³

224 2101 345 2168 cadem.

293 2192 344 2258 Est
365 2191 459 2277 igitur
480 2192 659 2261 dicendum:

213 2323 219 2332 -
288 2281 330 2346 Ex
354 2281 530 2367 praemissis
553 2285 636 2349 enim
665 2285 863 2350 manifestum
887 2295 932 2348 est
972 2280 1056 2368 quod
1078 2301 1147 2346 ma·

223 2371 288 2438 lum
311 2370 443 2436 totaliter
466 2371 583 2436 bonum
607 2373 655 2438 cui
684 2375 862 2460 oppositum
886 2385 933 2437 est
957 2372 1043 2448 tollit,
1065 2370 1146 2434 sicut

220 2458 350 2526 caecitas
373 2461 482 2524 visum:
505 2473 626 2546 oportet
648 2477 751 2527 autem
776 2463 859 2549 quod
893 2472 1051 2526 remaneat
1086 2459 1144 2524 bo-

221 2570 296 2614 num
312 2547 395 2635 quod
412 2561 457 2614 est
473 2550 544 2614 mali
555 2551 737 2635 subjectum.
749 2551 841 2633 Quod
857 2551 984 2637 quidem
1001 2549 1031 2612 in
1043 2568 1144 2634 quan·

221 2651 287 2702 tum
303 2636 476 2721 subjectum
499 2649 554 2718 est,
571 2639 664 2704 habet
687 2640 836 2704 rationem
860 2639 933 2704 boni
971 2636 1143 2703 secundum

221 2726 305 2814 quod
337 2739 383 2790 est
406 2728 539 2812 potentia
577 2727 616 2792 ad
643 2741 745 2794 aetum
762 2729 834 2794 boni
847 2729 929 2814 quod
941 2727 1076 2813 privatur
1088 2745 1144 2811 per

221 2816 348 2882 malum.
362 2814 484 2896 Quanto
496 2815 587 2899 igitur
600 2818 700 2882 minus
716 2816 808 2884 suerit
823 2815 997 2903 inpotentia
1013 2814 1051 2880 ad
1065 2814 1142 2878 illud

221 2905 350 2984 bonum,
380 2905 589 2970 tantominus
612 2907 670 2970 erit
694 2906 821 2972 bonum.
843 2905 1024 2991 Subiectum
1036 2915 1142 2969 autem

219 2995 253 3059 dt
286 2995 387 3058 minus
425 2994 561 3080 potentia
597 2995 635 3060 ad
675 2992 820 3076 sormam,
844 3016 907 3060 nnn
930 2993 1055 3081 quidem
1085 3011 1142 3078 per

217 3083 315 3148 solam
339 3083 580 3148 subtractionem
606 3083 736 3169 alicujus
750 3086 843 3172 partis
861 3082 990 3168 subjecti
1003 3102 1059 3169 per
1081 3081 1142 3145 hoe

218 3171 302 3257 quod
335 3171 436 3258 aliqua
474 3193 544 3260 pars
581 3173 735 3260 potentiae
773 3174 993 3250 subtrahatur,
1017 3170 1073 3236 sed
1086 3189 1143 3256 per

220 3262 279 3325 hoc
302 3261 384 3345 quod
409 3262 543 3348 potentia
566 3262 732 3348 impeditur
754 3261 1012 3348 percontrarium
1036 3273 1140 3324 aetum

220 3369 260 3414 ne
281 3350 311 3414 in
335 3362 436 3414 actum
459 3349 577 3416 formae
600 3352 684 3418 exire
713 3352 817 3439 possit
851 3352 929 3416 sieut
966 3347 1140 3434 subjectum

271 3470 309 3535 (i)
328 3469 497 3540 Nequaquam
511 3480 597 3540 potest
614 3474 753 3526 areidae...
779 3467 905 3541 intellige:
931 3473 1021 3526 Potest
1042 3489 1141 3542 nequa·

215 3559 298 3612 quum
317 3544 440 3611 accidere,
459 3543 476 3593 i.
494 3559 516 3594 e.
536 3561 588 3596 non
606 3545 698 3597 accidit
716 3547 869 3619 necessario.
