2452 3970
211 215 274 280 {72
544 234 599 279 crs.
624 235 666 280 m.
690 233 754 278 etr.
776 232 845 278 tarr.

278 303 364 382 bem,
387 291 478 386 Qubd
502 315 645 368 moretur
669 301 849 367 naturaliter
873 298 911 364 ad
936 300 1051 388 aliquid
1064 302 1150 370 sieut

209 392 248 458 ad
272 391 367 457 linem
391 394 437 458 sui
463 405 564 456 motus
588 413 649 456 non
667 403 844 456 remoretur
868 388 906 454 ab
930 409 969 454 eo
994 391 1054 456 nisi
1088 413 1150 478 per

210 480 400 560 violentiam,
423 483 502 546 sicut
525 501 628 564 grave3
650 501 720 545 cum
736 478 893 566 projicitur
909 498 1045 546 sursum.
1063 479 1149 546 Con·

211 585 269 634 stat
292 585 394 636 autem
419 592 455 635 ex
481 569 644 656 praedietis
662 570 676 654 (
692 589 718 634 c.
743 569 812 650 50)
836 565 921 651 quod
944 570 1047 634 omnis
1071 571 1149 634 sub·

211 661 321 724 stantia
356 657 568 724 intellectualis
607 657 739 722 naturali
778 656 933 722 desiderio
968 658 1067 723 tendit
1107 658 1150 722 ad

210 748 294 812 illam
318 749 479 813 visionem.
503 747 570 812 Non
602 747 694 831 igitur
716 747 755 812 ab
780 746 831 811 illa
855 744 960 810 deficit
993 747 1053 812 uisi
1090 768 1149 834 per

210 836 398 902 violentiam.
422 837 503 901 Nihil
526 850 629 900 autern
648 835 764 900 tollitur
791 855 847 922 per
886 833 1065 900 uiolentiam
1090 837 1148 901 ali·

210 929 308 1010 cujus,
333 927 389 989 uisi
413 926 507 990 virtus
530 923 696 989 auferentis
720 925 757 989 sit
791 922 890 1008 major
926 924 1036 989 uirtute
1072 946 1149 990 eau-

210 1015 314 1079 santis.
339 1014 468 1080 llisionis
492 1026 594 1078 autem
618 1013 740 1096 diuinae
773 1033 865 1078 eausa
900 1025 947 1076 est
980 1013 1079 1092 Deus,
1115 1028 1149 1079 ut

210 1123 303 1188 supra
328 1103 379 1185 (c.
404 1103 446 1168 59
460 1107 471 1185 )
485 1103 652 1189 probatum
673 1115 727 1166 est.
752 1101 841 1186 Erigo,
865 1121 936 1164 cum
951 1103 1148 1168 nullavirtus

210 1190 346 1256 divinam
372 1191 513 1256 virtutem
539 1189 677 1265 excedat,
700 1189 891 1276 impossibile
914 1191 1054 1277 estquod
1094 1192 1147 1256 illa

134 1289 142 1298 ‘
211 1280 286 1344 visio
310 1299 364 1364 per
402 1280 577 1346 violentiam
613 1279 744 1344 tollatur.
780 1279 813 1343 ln
848 1293 1031 1365 perpetuum
1068 1301 1146 1366 ergo

210 1369 340 1434 durabit.

277 1458 395 1536 Adbuc,
418 1456 450 1522 Si
470 1457 590 1544 ¹aliquis
625 1456 728 1521 videre
764 1455 884 1520 desinat
918 1457 1001 1542 quod
1041 1459 1147 1544 primo

209 1547 343 1625 videbat,
367 1561 419 1612 aut
443 1547 502 1612 hoc
525 1547 582 1611 erit
605 1547 676 1629 quia
711 1544 835 1610 deliciet
868 1547 896 1610 ei
933 1545 1058 1611 facultas
1106 1550 1148 1613 vi·

201 1635 407 1713 „dendisicut
430 1657 502 1700 eum
527 1635 636 1721 aliquis
660 1635 800 1711 moritur,
835 1633 883 1698 vet
918 1649 1060 1700 caecatur
1099 1637 1149 1702 vel

210 1724 383 1810 aliqualiter
405 1724 493 1788 aliter
516 1724 693 1810 impeditur,
716 1736 768 1786 aut
791 1722 849 1787 erit
883 1724 955 1809 quia
993 1745 1055 1789 non
1082 1726 1150 1790 vult

209 1813 342 1899 amplius
366 1812 481 1888 videre,
504 1813 582 1877 sieut
597 1832 668 1877 eum
692 1811 801 1898 aliquis
825 1813 933 1876 avertit
955 1814 1054 1878 visum
1079 1833 1148 1880 are

209 1921 301 1984 quam
316 1901 546 1987 priusvidebat,
571 1914 623 1966 aut
654 1901 727 1987 quia
751 1899 908 1984 objectum
942 1902 1149 1979 subtrabitur;

209 2004 239 2054 et
263 1990 321 2055 hoe
344 2003 390 2054 cst
413 1990 619 2054 communiter
642 2010 761 2066 verum,
784 1990 848 2053 site
866 1989 904 2054 de
934 1992 1051 2056 visione
1073 2011 1148 2056 scn-

209 2100 261 2142 sus
283 2080 348 2143 site
370 2080 409 2142 de
432 2078 629 2144 intellectuali
647 2079 762 2142 visione
786 2077 960 2162 loquamur.
995 2080 1148 2145 Substan-

209 2172 269 2232 tiae
294 2181 396 2233 autem
422 2166 617 2234 intellectuali
657 2166 770 2231 videnti
806 2167 906 2230 Deum
942 2189 1005 2232 non
1043 2183 1147 2252 potest

208 2257 316 2320 deesse
342 2255 471 2321 lacultas
496 2254 619 2320 videndi
637 2255 756 2331 -Deum;
780 2267 881 2340 neque
904 2277 960 2342 per
976 2257 1036 2321 boe
1059 2259 1147 2342 quod

208 2346 426 2424 essedesinat,
451 2365 521 2410 eum
546 2346 584 2408 sit
607 2357 766 2430 perpetua,
789 2357 936 2428 utsupra
968 2344 1012 2432 (l.
1048 2346 1080 2423 ᾖ,
1118 2369 1145 2412 e.

208 2435 278 2518 55)
317 2448 473 2500 ostensum
510 2448 565 2510 est;
601 2453 702 2518 neque
737 2453 792 2519 per
827 2431 981 2498 delectum
1015 2434 1145 2501 luminis

207 2544 269 2608 quo
293 2523 394 2587 Deum
411 2523 503 2596 videt,
520 2543 590 2586 eum
615 2521 719 2586 lumen
759 2520 833 2585 illud
870 2522 1144 2610 incorruptibiliter

206 2611 372 2698 recipiatur
395 2611 566 2676 secundum
591 2609 799 2674 conditionem
839 2623 869 2674 et
903 2611 1088 2698 recipientis·
1113 2627 1144 2678 et

206 2702 317 2778 dantis,
343 2720 444 2786 neque
469 2712 569 2786 potest
592 2700 619 2763 ei
645 2697 752 2762 deesse
776 2696 915 2763 voluntas
947 2700 998 2764 tali
1023 2700 1143 2766 visione

205 2790 338 2866 fruendi,
363 2810 399 2854 er
424 2809 485 2874 quo
510 2787 638 2872 percipit
661 2788 691 2851 in
715 2787 766 2851 illa
808 2788 925 2851 visione
959 2809 1028 2854 esse
1050 2811 1142 2855 snam

205 2880 346 2943 ultimam
371 2877 558 2950 felicitatem,
583 2877 660 2940 sieut
682 2895 747 2940 non
772 2889 870 2961 potest
893 2877 972 2942 velle
996 2899 1058 2942 non
1072 2899 1142 2943 esse
1216 2915 1217 2936 ι

207 2967 288 3040 selim
312 2987 414 3053 neque
437 2971 530 3030 etiam
555 2964 657 3029 uidere
681 2965 801 3029 desinet
826 2985 880 3050 per
896 2965 1141 3032 subtractionem

205 3057 328 3142 objecti,
353 3058 424 3142 quia
437 3054 591 3141 objectum
617 3053 697 3119 illud.
716 3053 800 3139 quod
823 3066 869 3117 est
907 3054 992 3120 Deus
1015 3076 1140 3142 semper

204 3144 435 3211 eodemmodo
459 3165 492 3209 se
517 3143 609 3208 habet
633 3163 690 3207 nee
716 3143 919 3226 elongatura
954 3143 1044 3209 nobis
1077 3145 1137 3210 nisi
1216 3169 1217 3174 ¹

205 3237 388 3320 inquantum
414 3255 470 3299 nos
494 3233 676 3317 elongamur
699 3232 738 3297 ab
763 3234 836 3316 ipsa.
877 3231 1069 3318 impossibile
1092 3247 1139 3298 est

204 3325 297 3424 igitur
316 3324 399 3406 quod
416 3324 491 3402 visio
516 3321 565 3386 illa
590 3321 646 3386 Dei
671 3341 752 3406 quae
775 3321 881 3386 beatos
904 3319 976 3386 lacit
999 3340 1137 3408 unquam

204 3411 448 3578 defiididem-ea,
473 3497 663 3584 Impossibile
686 3510 731 3562 est
755 3496 837 3584 quod
867 3496 977 3584 aliquis
1010 3521 1027 3565 a
1053 3497 1135 3563 bono
1216 3515 1217 3520 ¹
