2494 3970
416 246 481 291 tan.
506 247 545 291 m.
570 247 635 292 car.
660 246 736 290 xxvi.
854 219 856 226 ’
1007 229 1049 294 77

131 326 182 378 εει
203 332 355 399 quaerere
378 315 417 382 ab
439 315 543 403 aliquo
562 335 659 402 quare
682 315 753 380 velit
789 314 945 382 delectari.
969 313 1052 384 llaec

132 415 238 468 autem
261 418 306 469 εει
328 404 463 470 conditio
487 406 585 472 ultimi
610 405 690 478 finis,
714 417 747 468 ut
775 404 889 469 scilicet
926 421 1052 493 propter

130 511 166 556 εε
189 509 364 577 quaeratur.
388 495 439 560 llst
461 495 554 579 igitur
577 494 702 560 ultimus
724 493 793 559 linis
817 494 914 578 magis
929 493 960 558 in
976 517 1050 583 ope·

131 581 254 646 ratione
276 582 441 650 voluntatis
463 603 557 668 qnam
581 583 819 660 intellectuum
842 582 971 648 ridetur.
1062 633 1065 638 .

128 711 131 716 -
195 669 282 748 item,
321 671 355 736 ln
392 675 544 761 appetitu¹
569 674 668 738 ultimi
692 670 760 736 finis
784 671 918 736 maxime
941 692 1049 738 omnes

130 760 333 836 concordant,
359 782 429 827 eum
454 763 493 827 sit
516 762 673 827 naturalis.
698 761 805 826 Plures
828 773 931 825 autem
955 781 1050 846 qnae-

129 859 205 912 runt
227 847 460 914 delectationem
484 871 577 934 quam
601 850 818 934 cognitionem.
840 849 936 932 Magis
958 850 1050 935 igitur

132 935 344 1003 videturesse
368 939 437 1004 sanis
460 938 621 1004 delectatio
644 959 737 1025 quam
761 939 905 1021 cognitio.

199 1025 346 1112 Amplius,
369 1027 515 1092 Voluntas
539 1028 748 1093 videturesse
786 1028 876 1092 altior
914 1028 1049 1113 potentia

128 1131 226 1198 'quem
250 1115 432 1193 intellectum
454 1137 527 1182 narn
551 1117 691 1183 voluntas
719 1131 822 1182 movet
859 1117 1048 1182 intellectum

128 1203 170 1266 ad
209 1202 314 1281 linem3
352 1205 522 1271 intellectus
557 1207 640 1270 enim
679 1220 748 1270 actu
771 1203 945 1270 considerat
968 1226 1048 1291 quae

129 1290 237 1380 babitu
262 1306 354 1372 tenet,
378 1315 449 1359 cum
472 1295 584 1380 aliquis
608 1295 748 1359 voluerit.
771 1295 856 1358 Actio
879 1295 971 1377 igitur
995 1314 1047 1358 vo·

131 1381 256 1444 luntatis
280 1383 401 1448 videtur
424 1384 556 1450 nobilior
578 1403 673 1470 qnam
695 1382 773 1448 actio
787 1382 969 1448 intellectus.
987 1383 1047 1446 lla-

127 1469 177 1551 gis
202 1470 294 1552 igitur
318 1472 438 1536 videtur
462 1472 587 1536 ultimus
611 1471 691 1549 finis,
714 1491 794 1557 quae
818 1484 863 1535 est
879 1471 1047 1549 beatitudo,

126 1558 297 1623 consistere
311 1561 340 1624 in
358 1575 426 1626 actu
439 1562 602 1626 voluntatis
615 1581 707 1644 qnam
726 1562 756 1624 in
771 1574 840 1624 actu
863 1559 1046 1626 intellectus.

198 1646 262 1712 lloo
285 1663 387 1714 autem
400 1669 468 1714 esse
479 1649 669 1736 impossibile
692 1647 853 1714 manifeste
865 1648 1046 1715 ostenditur.

196 1734 273 1801 Cum
297 1739 380 1802 enim
405 1739 561 1803 beatitudo
584 1740 621 1803 sit
644 1739 803 1825 proprium
826 1737 943 1803 bonurn
960 1737 1048 1802 intel-

128 1819 269 1890 lectualis
292 1840 431 1906 naturae,
452 1841 572 1914 oportet
594 1827 678 1913 quod
700 1827 873 1894 secundum
898 1827 929 1892 id
955 1827 1045 1894 intel·

128 1913 252 1978 lectuali
275 1930 403 1981 naturae
426 1917 587 1982 conveniat
609 1915 693 2002 quod
716 1930 762 1982 εει
784 1916 841 1982 sibi
875 1918 1044 2003 proprium.

127 2004 287 2088 Appetitas
321 2019 425 2069 autem
463 2025 525 2069 non
560 2020 606 2070 εει
641 2010 798 2092 proprium
833 2005 1045 2070 intellectualis

129 2105 272 2169 araturae,
293 2095 348 2158 sed
371 2093 515 2158 omnibns
539 2095 631 2158 rebus
654 2096 745 2168 inest,
768 2094 838 2158 licet
871 2095 909 2158 sit
946 2094 1044 2157 diver·

126 2181 249 2246 simodo
272 2185 302 2245 in
326 2182 465 2259 diversis3
489 2202 568 2269 qnae
592 2198 695 2246 tamen
719 2183 877 2246 diversitas
909 2182 1045 2268 procedit

124 2290 166 2334 ex
190 2271 248 2334 hoe
270 2271 353 2356 quud
376 2293 426 2336 res
449 2271 657 2336 diversimode
681 2290 714 2335 se
738 2271 851 2336 babent
874 2270 913 2334 ad
936 2272 1043 2354 cogni-

128 2361 254 2422 tionem:
279 2381 358 2444 quae
382 2361 464 2425 enim
488 2361 617 2425 omnino
648 2361 823 2444 cognitione
846 2374 952 2424 carent
990 2364 1042 2424 ba-

129 2448 204 2512 bent
226 2450 395 2534 appetitum
412 2451 584 2515 naturalem
601 2463 730 2526 tantum;
746 2467 826 2534 quae
839 2467 911 2512 vero
928 2447 1043 2512 babent

124 2537 334 2620 cognitionem
371 2539 557 2616 sensitivam,
595 2553 626 2602 et
663 2539 832 2624 appetitum
864 2537 1042 2602 sensibilem

126 2626 252 2702 habent,
275 2628 333 2692 sub
356 2647 417 2714 quo
441 2627 600 2693 irascibilis
623 2641 653 2691 ει
684 2625 929 2714 concupiscibilis
967 2646 1042 2690 corr·

124 2716 271 2793 tinentur3
283 2735 445 2801 quaerero
458 2717 793 2800 habentcognitionem
812 2714 1042 2792 intellectivam,
1105 2715 1108 2726 ’

125 2819 156 2868 ει
194 2807 364 2890 appetitum
401 2805 570 2890 cognitioni
609 2805 876 2891 proportionatum
916 2804 1041 2877 habent,

124 2892 238 2958 scilicet
262 2893 459 2958 voluntatem.
483 2893 630 2961 Voluntas
652 2895 755 2978 igitur,
770 2894 941 2958 secundum
958 2892 1053 2976 quod⁸

124 2995 172 3046 est
183 2981 345 3068 appetitus,
359 3003 422 3048 non
438 2995 484 3047 est
500 2982 659 3070 proprium
675 2980 888 3047 intellectualis
904 2995 1042 3059 naturae,

122 3069 177 3136 sed
200 3071 300 3135 solum
322 3071 492 3136 secundum
517 3071 601 3156 quod
625 3073 664 3136 ab
687 3071 843 3136 intellectu
874 3068 1041 3156 dependet:

122 3158 293 3225 intellectus
309 3175 414 3225 autem
437 3159 607 3225 secundum
630 3179 665 3223 se
687 3160 830 3246 proprius
852 3173 896 3222 est
920 3161 1039 3224 intelie-

119 3248 213 3312 ctuali
238 3263 375 3315 naturae.
399 3247 560 3314 beatitudo
584 3246 676 3332 igitur
700 3247 748 3313 vel
765 3247 893 3313 felicitas
915 3248 946 3312 in
970 3263 1040 3314 actii

74 3367 81 3378 ,
118 3337 291 3402 intellectus
313 3339 448 3404 consistit
485 3335 725 3402 substantialiter
761 3349 791 3401 et
829 3335 1037 3425 principaliter

118 3427 217 3512 magis
240 3445 332 3510 quam
356 3429 387 3492 in
408 3440 478 3495 actu
501 3424 674 3492 voluntatis.

185 3513 303 3596 adhue,
336 3515 369 3582 ln
403 3515 547 3582 omnibus
580 3513 724 3604 potentiis
760 3535 839 3602 quoe
874 3529 1037 3581 moventur
