2516 3968
396 273 452 318 ιιιι.
476 274 518 318 ιιι.
542 272 606 322 cun.
630 273 724 320 ιιιιιι.
964 256 1028 324 435

107 340 237 407 Effectus
260 353 363 407 autem
387 341 482 408 divini
505 344 684 429 auxilii,qui
701 341 876 408 facultatem
901 357 1031 412 naturae

104 430 237 506 excedit,
261 451 323 497 non
347 443 393 495 est
416 433 667 518 proportionatus
691 431 811 497 actibus
834 451 912 518 quos
936 435 1031 502 homo

108 540 146 586 ex
169 521 300 586 naturali
323 517 467 586 facultate
490 521 647 608 producit.
671 521 739 586 Non
768 520 862 606 igitur
884 541 940 607 per
977 523 1033 590 hu·

105 609 243 694 jusmodi
266 621 352 674 actus
387 622 485 696 potest
524 610 619 675 homo
659 610 850 697 praedictum
885 611 1059 678 auxilium-

109 718 232 764 mereri.

177 787 349 864 Praeterea,
372 785 511 871 cognitio
534 787 691 873 praecedit
714 785 876 854 voluntatis
900 801 1033 856 motum.

110 875 252 961 Cognitio
276 889 378 940 autem
400 877 643 961 'supernaturalis
667 876 737 942 finis
773 887 819 941 est
856 875 975 942 homini
1014 899 1032 944 a

110 965 189 1044 Deo,
211 985 282 1030 cum
307 983 362 1050 per
386 965 536 1030 rationem
560 965 731 1030 naturalem
757 965 788 1029 in
812 965 914 1051 ipsum
938 967 1027 1032 attin-

111 1074 186 1138 gere
208 1053 311 1118 homo
327 1073 388 1118 non
414 1054 520 1136 possit,
541 1073 579 1118 eo
605 1054 689 1140 qarod
724 1053 901 1118 sacrrltatem
938 1070 1028 1121 natu·

112 1142 207 1208 ralern
232 1141 378 1208 excedat(
392 1140 520 1229 Oportet
543 1147 617 1228 crgo
641 1143 725 1229 quod
748 1137 850 1208 motus
867 1143 1033 1210 voluntatis

113 1245 238 1298 nostrae
261 1231 292 1296 in
316 1231 460 1296 ultimum
484 1232 578 1298 finem
602 1233 752 1298 auxilium
775 1231 913 1297 divinum
942 1255 1032 1320 prae-

113 1321 224 1387 veniat.

181 1409 258 1474 Hinc
281 1420 326 1473 est
348 1409 431 1498 quod
453 1408 571 1475 elicitur:
600 1409 672 1476 Non
692 1429 730 1474 ear
767 1407 909 1495 operibus
938 1411 1033 1494 justi·

116 1500 178 1563 tiae
200 1518 278 1586 quoe
299 1498 426 1582 fecimus
448 1519 514 1576 noa,
537 1498 592 1562 secl
613 1499 779 1564 seeundum
801 1518 890 1563 auom
912 1501 1034 1565 miceri-
1137 1509 1144 1522 “

115 1588 203 1652 diam
225 1589 329 1652 saluos
350 1607 405 1652 nor
427 1588 508 1672 feeit,
534 1586 606 1670 Tit,
630 1588 661 1666 5,
683 1587 716 1664 53
740 1586 873 1653 atriden
896 1589 1037 1663 uolentia,

115 1676 230 1747 seilicet
253 1676 343 1749 velle,
365 1697 461 1760 neque
488 1677 649 1754 curreretis,
672 1677 786 1742 scilicet
809 1696 943 1754 currere,
982 1679 1037 1743 sed

115 1765 290 1830 miserentis
320 1773 366 1828 eat
389 1765 458 1842 Dei,
486 1764 586 1844 Rom,
609 1765 641 1843 9,
668 1765 719 1844 ld,
749 1765 819 1852 quia
858 1765 973 1830 seilicet
1007 1788 1040 1831 o·

6 1911 8 1934 ,
116 1867 217 1940 ροιιει
240 1851 323 1938 quod
348 1853 387 1918 ad
410 1855 489 1920 bene
512 1853 679 1919 volendum
692 1867 722 1919 et
735 1853 928 1941 operandum
944 1847 1040 1920 honio

118 1942 222 2007 divino
246 1943 461 2023 praeveniatur
500 1944 623 2021 auxilio,
662 1943 740 2008 sieut
774 1955 963 2010 consuetum
995 1956 1040 2010 est

115 2030 336 2114 quodelleotus
360 2031 469 2117 aliquis
482 2051 544 2097 non
557 2031 733 2098 attribuitur
755 2033 895 2119 proximo
908 2053 1040 2118 operan-

120 2121 153 2198 ti,
176 2121 230 2184 sed
253 2120 353 2206 primo
391 2121 537 2197 moventi3
578 2121 753 2186 attribuitur
790 2122 874 2186 enim
912 2123 1038 2210 vicporia

121 2208 204 2286 duci,
227 2229 305 2293 quae
327 2208 434 2274 labore
458 2210 588 2274 militurn
628 2222 830 2294 perpetratum
863 2228 924 2272 non
963 2229 1038 2294 ergo

122 2317 178 2384 per
201 2297 377 2383 hujusmodi
401 2297 493 2363 verba
517 2297 688 2362 excluditur
709 2297 843 2362 liberum
874 2297 1038 2364 voluntatis

122 2386 293 2463 arbitrium,
315 2387 392 2452 sieut
415 2387 541 2472 quidam
565 2387 646 2450 male
684 2385 911 2464 intellexerunt,
949 2388 1036 2474 quasi

124 2475 220 2540 homo
241 2495 305 2541 aon
328 2475 533 2541 sitdominus
555 2495 682 2540 suorum
705 2488 829 2540 actuum
855 2475 1036 2542 interiorum

125 2576 157 2628 et
179 2565 376 2641 exteriorum,
398 2565 452 2630 sed
476 2563 647 2630 ostenditur
670 2563 736 2628 Deo
760 2583 827 2630 esse
850 2563 1035 2649 subjectum.

124 2652 160 2718 Et
182 2652 301 2718 dicitur:
327 2653 536 2720 Conon-tenor
559 2649 689 2717 Dareine
711 2654 754 2718 ad
778 2664 815 2730 te,
838 2662 867 2718 et
882 2665 1036 2717 eonrerte·

124 2761 207 2816 mur,
222 2741 338 2807 Three.
354 2743 385 2820 ll,
406 2743 460 2818 ut;
484 2763 539 2829 per
560 2742 643 2827 quod
667 2753 749 2827 patet
771 2741 854 2828 quod
877 2743 1037 2807 conversio

125 2843 231 2896 nostra
254 2830 292 2895 ad
315 2831 417 2895 Deum
441 2833 636 2917 praevenitur
659 2831 771 2895 auxilio
795 2830 851 2895 Dei
875 2851 931 2894 nos
965 2850 1041 2896 con·

126 2920 282 2984 vertentis.
306 2919 431 3004 legitur
453 2931 556 2984 tumen
579 2939 617 2984 ex
653 2939 785 3006 persona
823 2919 880 2984 Dei
914 2919 1041 2992 dictum:

131 3008 353 3072 Convertimr'ni
375 3009 418 3073 od
439 3029 498 3086 me,
521 3019 551 3072 et
572 3019 734 3073 convertar
756 3008 799 3073 ad
820 3029 884 3086 oea,
907 3007 1045 3089 Zachar.,

130 3098 162 3176 l,
185 3096 217 3172 5;
239 3117 301 3162 non
325 3098 399 3182 quin
423 3097 479 3164 Dei
503 3097 640 3183 operatio
664 3097 1046 3164 nostramcouversionem

128 3186 316 3273 praeveniat,
339 3199 372 3251 ut
395 3186 510 3252 dietum
544 3198 601 3264 est,
623 3185 677 3252 sed
711 3186 782 3271 quia
815 3186 1048 3252 conversionem

128 3287 266 3340 nostram
281 3295 342 3360 qua
370 3274 409 3341 ad
443 3275 543 3362 ipsum
567 3274 774 3341 convertimur
796 3274 918 3361 adjuvat
940 3275 1048 3342 subse-

129 3377 271 3448 quenter,
293 3383 362 3428 eam
386 3362 561 3429 roborando
583 3377 617 3428 ut
653 3363 692 3428 ad
715 3361 857 3429 ellectum
881 3365 1049 3450 perveniat,

130 3465 163 3517 ει
186 3452 369 3517 stabiliendo
392 3466 426 3518 ut
459 3452 715 3518 fiuemdebitum
745 3464 959 3538 consequatur.

199 3540 258 3607 Per
281 3541 340 3608 hoe
361 3556 465 3609 autem
488 3541 660 3610 excluditur
681 3561 769 3608 error
791 3541 1046 3628 Pelagiauorum,
