2516 3968
292 281 346 327 un.
371 283 412 327 m.
436 265 506 329 orn.v
523 283 628 329 cxxxv.
655 283 690 326 er
711 283 828 330 mxxvi.
964 265 1028 328 ll?

112 347 172 414 Dei
184 349 372 436 providentia
384 365 517 438 sperare,
530 373 584 440 per
591 371 685 439 qnam
694 353 866 418 criemaues
877 353 1038 418 etbcrbne*

111 452 332 518 sustentantur3
356 441 447 506 telem
471 441 817 507 enim-sollicitudinem
844 441 960 506 babere
985 444 1027 506 ui·

112 525 203 592 detur
225 529 380 606 pertinere
404 529 442 596 ed
465 549 603 596 errorem
628 529 807 608 Gentilium,
821 530 874 616 qui
890 529 1028 598 diuinam

110 617 335 772 ffldemffim
361 631 483 722 negant.
507 619 636 771 Propher
655 619 748 721 quod
767 619 940 772 DominusM
955 639 1037 772 cof

111 791 144 870 6,
165 720 298 882 523qp¹er
319 725 402 882 effi
419 727 516 861 allidi?
523 718 703 883 prpobffitn
716 720 1027 882 gpxrritoffigerzprg

109 901 181 946 mus
204 903 239 948 cu
262 898 435 970 quaesunt
457 884 545 951 nobis
582 885 614 949 iu
649 886 817 952 crastinum
855 888 1037 950 necessarie»

109 989 168 1034 suo
190 985 341 1058 tempore,
364 971 420 1040 sed
443 993 483 1040 ne
506 973 545 1040 de
568 972 677 1040 futuris
699 975 859 1040 eventibus
881 973 1025 1043 sollicita-

108 1077 215 1125 remur
237 1081 307 1126 cum
331 1063 466 1148 quedem
489 1062 705 1148 desperatione
727 1063 821 1128 divini
846 1063 960 1139 auxilii,
977 1063 1024 1127 vel

107 1166 150 1300 :l
163 1151 470 1305 truselli?
486 1151 1024 1306 llllt'llldbllbllll:

107 1323 213 1390 ornem
238 1327 340 1405 nanee
362 1259 447 1394 ilar
469 1260 622 1398 eleutrum
661 1329 779 1416 snper
812 1329 876 1394 ures
900 1331 1034 1413 manera

109 1433 179 1493 suo,
200 1415 317 1496 blattb.,
341 1417 371 1496 6,
395 1417 447 1483 dl.
846 1435 849 1442 ·

172 1502 223 1568 Sic
245 1505 338 1589 igitur
371 1519 453 1592 patet
475 1505 558 1592 quod
581 1505 708 1572 diversis
724 1505 1032 1572 modisconuenienae

105 1588 187 1656 tibus
211 1593 312 1658 vivere
335 1608 463 1680 possunt
486 1596 539 1681 qui
563 1595 769 1662 uoluntarium
809 1607 1021 1682 paupertatem

104 1693 269 1758 sectantum
293 1682 371 1772 inter
393 1703 472 1770 quos
498 1684 549 1748 ille
572 1683 757 1750 laudabilior
778 1697 825 1748 est
847 1686 900 1771 qui
921 1685 1020 1768 magis

108 1787 125 1831 a
148 1769 355 1836 sollicitudine
379 1773 595 1860 temporalium
619 1786 651 1838 et
672 1775 876 1860 occupatione
890 1775 968 1840 circa
985 1793 1021 1840 ee

106 1855 241 1925 bominis
263 1860 402 1926 animum
425 1860 526 1927 reddit
538 1862 720 1928 immunem.

379 2036 548 2106 cicun
586 2037 743 2109 cxxxvi.
831 2017 832 2022 '

139 2213 185 2278 De
207 2231 312 2281 errore
332 2216 468 2318 illorum·
481 2215 534 2300 qui
554 2227 736 2300 perpetuum
763 2183 983 2282 continentium

455 2315 650 2390 cmpupnont.

168 2477 254 2544 Sicut
291 2493 394 2546 autem
431 2495 537 2546 contre
561 2481 750 2566 paupertatis
787 2479 1023 2568 perlectionem*

100 2567 142 2632 ira
165 2580 196 2632 et
217 2581 323 2634 contra
346 2569 551 2636 continentiae
584 2567 712 2646 bonum,
735 2570 873 2656 quidum
894 2587 1017 2656 peruer-

100 2655 125 2720 si
149 2675 259 2722 sensus
282 2658 506 2724 boruinessunt
528 2657 630 2724 locuti.
654 2657 745 2739 Quod
761 2657 886 2744 quidem
899 2663 1016 2722 bonurn

100 2745 310 2812 continentiae
335 2747 382 2812 bis
406 2761 437 2812 et
458 2747 611 2814 similibus
648 2746 816 2813 rationibus
853 2745 1016 2814 excludere

62 2887 78 2916 ,
100 2833 252 2902 nituntur.
677 2879 680 2887 J

113 2965 115 2972 ,
167 2920 235 2989 Viri
251 2923 336 2988 enim
359 2935 390 2988 et
412 2922 551 2990 mulieris
573 2923 752 3010 conjunctio
765 2921 932 2988 adbonum
948 2942 1018 3009 epe·

101 3009 161 3075 eici
185 3010 354 3079 ordinatur.
377 3011 517 3077 Divinius
540 3025 643 3078 autem
666 3025 714 3077 est
749 3012 875 3078 bonum
905 3013 1019 3096 speciei

100 3117 196 3186 quaro
219 3099 337 3164 bonum
360 3100 518 3166 individui.
542 3101 637 3186 Magis
658 3120 733 3184 erge
756 3113 863 3186 peccat
883 3102 935 3188 qui
949 3120 1019 3166 om·

100 3187 177 3252 nino
199 3186 330 3254 obstinet
350 3189 391 3253 eb
414 3203 482 3256 ectu
505 3209 567 3276 quo
582 3189 908 3276 conservaturspeoies
923 3207 1016 3273 quam

101 3289 243 3361 peccaret
266 3277 292 3344 si
314 3276 483 3343 abstineret
506 3278 546 3344 ab
570 3293 639 3345 ectu
662 3297 725 3364 qno
746 3291 946 3344 conservetur
969 3276 1019 3342 iu·

101 3363 275 3518 ιιίιίἑίιιιιιιι,
296 3366 375 3432 siem
396 3380 468 3432 sunt
491 3367 650 3446 comestio,
674 3379 763 3454 potus
786 3363 1025 3451 etrebsuojm.

101 3471 155 3520 mo
177 3475 197 3519 Ιι
308 3481 310 3486 “
679 3501 682 3514 ·
883 3503 886 3508 -

169 3542 287 3622 Adbuc,
324 3541 367 3612 Ex
406 3541 508 3611 divino
546 3543 739 3612 ordinatione
762 3543 874 3632 dentur
896 3542 1023 3614 bomini

109 3655 114 3666 ι
149 3627 180 3696 S.
209 3631 263 3698 rt.
289 3631 433 3702 Summae
456 3633 537 3704 Pttt.
560 3635 594 3702 l.
617 3635 649 3702 9.
930 3624 972 3699 97
