2514 3972
420 243 477 288 ιιι.
502 243 543 288 ιιι.
569 241 633 288 ιιι.
657 243 725 290 cxx.
968 223 1033 294 567

113 314 200 382 Deus
221 311 284 379 nisi
308 323 435 400 propter
457 312 622 397 animam),
644 312 703 378 erit
725 331 801 396 ergo
823 323 1036 382 unustnntum

114 405 211 483 Deus,
234 404 334 469 etsie
358 401 460 467 nultus
483 401 648 468 divinitatis
670 422 734 466 non
757 400 887 468 debetur
899 401 956 470 nisi
971 416 1038 470 tan·

115 509 182 562 tum
205 491 271 558 uni.
294 527 339 544 -
364 489 400 555 Si
420 511 494 556 vero
517 490 555 555 sit
577 512 638 556 una
662 491 765 556 anima
789 487 881 556 totius
895 491 1037 558 etdiver·

115 601 169 650 sue
191 593 294 668 partes
317 581 433 646 iterum
456 578 591 645 habeant
614 580 894 656 diuersasanimas,
916 594 1039 666 oportet

115 691 176 750 eos¹
194 670 298 736 dicere
320 668 405 756 quod
428 669 550 734 animae
574 669 706 754 partium
731 668 788 734 sub
816 670 920 738 anime
945 670 1038 738 totins

116 760 310 835 ordinentur3
333 757 443 822 eadem
467 758 550 822 enim
575 770 620 822 est
637 757 796 844 proportio
813 755 1036 846 perfectionum

115 863 147 915 et
178 847 425 936 perfectibilium.
448 845 652 911 Existentibns
676 859 778 912 autem
802 845 942 931 pluribus
963 847 1038 914 snb·

115 938 236 1004 stantiis
260 935 519 1002 intellectualibus
542 935 702 1014 ordinatis,
726 935 772 1024 itii*
799 947 917 1002 tantum
941 935 1038 1004 debe·

116 1041 166 1094 tur
188 1025 295 1092 latriae
318 1024 418 1090 cultus
441 1044 521 1110 quae
543 1044 702 1098 summum
725 1023 829 1090 locum
857 1024 888 1092 in
912 1023 957 1092 eis
989 1038 1035 1092 te-

116 1128 181 1197 net,
203 1131 238 1180 ιιι
260 1115 419 1180 ostensum
442 1127 488 1178 est
510 1128 617 1179 contra
640 1113 731 1180 aliam
755 1112 949 1198 positionem.
965 1113 1035 1182 Non

118 1205 177 1271 erit
199 1203 293 1289 igitur
314 1201 508 1268 exhibendus
532 1201 639 1268 latriae
654 1202 762 1268 cultus
777 1202 1034 1290 partibusmuntfi

120 1293 176 1360 sed
199 1292 300 1358 solum
324 1291 388 1358 toti.
520 1367 522 1372 Ι
798 1329 801 1338 ,

184 1375 359 1459 Praeterea,
381 1378 575 1446 Manifestum
599 1391 645 1444 est
667 1378 816 1465 quasdam
833 1393 934 1468 partes
945 1401 1036 1450 muu-

103 1468 149 1536 ‘di
172 1489 235 1536 non
260 1469 376 1534 babere
399 1468 536 1534 animam
559 1468 726 1554 propriam.
756 1469 806 1534 Bis
842 1471 934 1554 igitur
970 1492 1035 1538 non

116 1559 175 1626 erit
198 1557 391 1625 exhibendus
415 1557 522 1624 latriae
545 1557 656 1624 cultus.
678 1556 715 1622 m
747 1571 849 1624 tamen
873 1560 930 1646 ipsi
953 1561 1035 1628 cole·

117 1648 193 1716 hant
215 1648 334 1714 animas
357 1659 389 1712 et
414 1646 524 1712 mundi
558 1645 722 1724 elementa,
757 1647 872 1712 scilicet
910 1662 1035 1730 terram,

115 1757 241 1826 aquam,
263 1737 368 1821 ignem
391 1748 422 1802 et
444 1735 505 1800 alia
520 1734 700 1820 hujusmodi
714 1736 881 1803 inanimata
893 1757 1035 1824 corpora.
1091 1811 1093 1823 γ

184 1826 272 1902 item,
295 1823 489 1892 Manifestum
512 1823 664 1910 estquod
689 1826 831 1909 superius
855 1846 917 1892 non
942 1827 1037 1898 debet

117 1913 256 1981 inferiori
269 1913 375 1980 latriae
386 1913 515 1979 cultum.
531 1913 632 1978 Homo
648 1927 751 1981 autem
768 1917 882 1998 (tanto)
895 1917 1037 2002 superior

117 2017 174 2080 est,
197 2003 306 2070 ordine
329 2017 468 2084 naturae,
489 2002 529 2067 nd
552 2003 655 2068 minus
678 2002 823 2068 omnibus
838 2003 1036 2074 inferioribus

116 2091 299 2180 corporibus
321 2105 436 2178 quanto
459 2090 674 2179 perfectiorem
697 2091 790 2158 babet
812 2090 1035 2162 formumNon

117 2183 213 2268 igitur
236 2180 276 2245 ab
300 2179 427 2248 bomine
449 2192 531 2246 esset
560 2178 755 2246 exhibendus
793 2180 899 2248 latriae
936 2182 1037 2252 cultus

117 2269 315 2336 inferioribus
338 2270 531 2356 corporibus,
553 2269 578 2333 si
601 2282 726 2355 propter
749 2271 889 2356 proprius
925 2289 1036 2340 corum

117 2360 237 2426 animas
260 2359 304 2424 eis
326 2358 427 2424 cultus
451 2357 626 2422 deberetur.

183 2447 300 2514 Eadem
323 2447 419 2513 etiam
443 2445 692 2512 inconvenientia
715 2446 803 2533 sequi
830 2467 958 2518 necesse
979 2461 1038 2530 est,

116 2538 143 2605 si
166 2538 235 2623 quis
258 2536 340 2602 dicat
364 2534 448 2622 qnod
470 2534 610 2623 singulae
634 2548 735 2620 partes
769 2537 878 2604 mundi
902 2538 1038 2608 babeant

117 2627 257 2714 proprias
278 2625 408 2703 animas,
430 2644 494 2690 non
517 2636 620 2690 autem
645 2637 743 2690 totum
768 2625 861 2691 babet
899 2627 1037 2714 aliquem

118 2715 256 2782 animam
277 2733 488 2780 communem.
511 2711 675 2798 Oportebit
697 2713 781 2778 enim
805 2714 890 2800 quod
927 2737 1037 2804 supre-

117 2824 170 2871 ma
193 2823 264 2891 pars
285 2802 394 2868 muudi
407 2801 519 2868 babeat
542 2802 677 2868 animam
694 2801 891 2883 nobiliorem,
903 2806 952 2872 cui
967 2804 1037 2883 soli,

117 2892 290 2960 secundum
314 2891 497 2979 praemissa,
519 2889 650 2956 debetur
673 2889 785 2960 latriae,
802 2891 912 2962 cultus.

184 2981 238 3047 llis
259 2993 364 3046 autem
397 2977 600 3066 positionibus
634 2979 872 3049 irrationabilior
903 2995 950 3050 est
983 2982 1037 3050 illa

117 3089 198 3162 quae
208 3069 282 3136 dicit
293 3068 478 3154 imaginibus
494 3087 562 3134 ease
573 3067 802 3136 latriaecultum
815 3069 1036 3138 exhibendum.

180 3158 212 3225 st
235 3158 319 3224 enim
343 3157 520 3246 hujusmodi
558 3156 709 3240 imagines
744 3157 860 3228 hebent
893 3161 1038 3229 virtutem

115 3247 326 3335 autaliquem
348 3245 530 3332 dignitatem
566 3265 604 3312 ex
625 3246 808 3331 corporibus
840 3248 1037 3329 caelestibus,

116 3357 180 3404 non
202 3350 329 3425 propter
351 3335 410 3400 hoo
433 3334 565 3400 debetur
591 3333 635 3400 eis
674 3333 781 3402 letriae
813 3336 928 3418 cultus,
962 3357 1036 3406 oum

117 3445 176 3493 nec
199 3427 271 3514 ipsis
294 3423 476 3512 corporibus
499 3422 681 3490 caelestibus
704 3423 865 3506 debentur,
883 3427 942 3494 nisi
957 3426 1039 3496 forte

118 3529 245 3605 propter
267 3535 376 3586 eorum
414 3513 543 3598 animas,
566 3525 600 3582 ut
620 3509 749 3602 quidam
770 3517 1037 3604 paractericum
