2372 3966
342 256 397 302 tun.
429 256 468 300 ru.
498 255 561 302 ctu.
589 255 686 300 rcum.
912 235 973 305 157

74 345 115 390 ιιι
132 323 196 403 udi,
219 323 360 411 quieuere
383 325 524 392 animalia
548 323 640 390 etium
665 343 735 392 cum
763 323 905 391 fruuntur
919 327 974 392 de·

73 415 269 480 luctationibus
304 413 474 480 secuudum
513 434 650 486 sensum,
688 434 796 480 eorum
835 417 974 482 naturale

69 504 241 584 desiderium
276 503 435 590 quietatur.
475 501 603 589 Oportet
627 503 718 587 igitur
749 504 845 568 multo
867 501 975 570 fortius

66 592 146 678 quod,
168 581 241 658 cudi
266 592 360 657 homo
394 593 568 678 pervenerit
593 591 632 657 ud
654 612 744 658 suum
780 591 872 658 finem
907 594 974 661 uiti·

64 702 149 759 mum,
175 681 317 747 naturaie
340 680 405 765 ejus
436 680 621 746 desiderium
644 681 806 768 quietetur.
831 679 891 746 Sed
916 683 975 750 hoc

62 791 114 834 uon
137 783 239 856 potest
262 770 328 835 iieri
351 770 381 834 in
411 771 471 835 vitu
494 769 559 835 istu.
585 771 663 854 Ergo
698 770 792 836 iromo
815 791 877 836 uon
900 792 971 838 con·

61 860 192 944 sequitur
214 857 402 936 felicitatem,
424 871 516 946 prout
531 872 576 924 est
593 859 661 924 finis
677 860 819 946 proprius
841 860 919 945 ejus,
943 862 973 926 in

61 947 111 1012 hoc
132 949 207 1024 vitu,
230 961 264 1012 ut
297 961 453 1013 ostensum
477 961 532 1014 est.
554 945 683 1036 Oportet
699 967 773 1034 ergo
795 949 878 1035 quod
902 969 974 1016 cou-

60 1051 201 1123 sequctur
222 1049 291 1122 post
314 1036 394 1101 hauc
416 1037 519 1102 vitum.
738 1062 743 1071 ·

117 1126 239 1202 Adhuc,
263 1125 453 1211 impossibiie
476 1142 522 1192 est
545 1125 682 1190 naturaie
698 1123 885 1192 desiderium
905 1147 973 1192 esce

60 1214 155 1290 imne3
178 1229 289 1278 noturn
313 1215 396 1278 enim
421 1214 496 1280 nihii
520 1213 590 1279 fucit
612 1213 733 1280 frustra.
757 1213 841 1280 Esset
868 1229 971 1282 cutem

59 1303 142 1368 inune
154 1317 286 1368 naturae
299 1302 497 1380 desiderium,
512 1303 537 1368 si
554 1323 710 1390 nunquam
726 1317 828 1388 posset
841 1304 971 1390 implori.

60 1391 103 1454 Est
124 1394 220 1477 igitur
242 1391 399 1477 implebilo
425 1391 613 1457 desiderium
651 1391 790 1456 oumrule
828 1393 971 1458 hominis.

59 1478 117 1544 Nou
140 1493 248 1546 autem
272 1481 303 1544 in
329 1482 385 1545 huc
407 1481 478 1560 uitn,
501 1496 533 1545 ut
556 1497 712 1547 ostensum
752 1493 807 1546 εει.
843 1479 971 1566 Oportet

60 1568 141 1650 igitur
165 1568 439 1656 quod'impieutur
462 1584 529 1656 post
552 1570 632 1634 hono
665 1570 768 1644 uitem3
802 1582 848 1634 est
880 1569 972 1655 igitur

60 1655 179 1723 relicuas
203 1658 311 1724 ultime
335 1659 467 1724 hominis
491 1673 560 1743 post
583 1659 662 1723 huuc
685 1658 787 1722 uitam.

118 1747 270 1834 Amplius,
293 1748 447 1829 Quamdiu
470 1748 585 1834 aliquid
619 1761 760 1814 movetur
796 1745 833 1810 ed
871 1745 972 1834 perie-

60 1834 199 1915 etionem‚
222 1835 361 1902 noudum
385 1849 430 1901 est
453 1836 483 1900 in
514 1836 623 1902 ultimo
656 1833 726 1900 fine.
764 1834 826 1900 Sed
863 1857 972 1902 omues

62 1921 198 1990 homines
221 1925 435 2010 cognoscendo
459 1925 616 1990 veritatem
654 1943 832 2011 semperne
857 1924 972 1992 hairent

62 2026 90 2075 ut
110 2015 185 2079 moti
210 2028 242 2078 et
263 2013 423 2078 tendentes
446 2013 485 2078 ud
509 2013 738 2099 perfectionem,
761 2015 832 2097 quin
860 2013 902 2078 ilii
919 2015 971 2101 qui

61 2117 226 2186 sequuntur
249 2095 372 2189 'semper
393 2103 552 2167 inveniunt
586 2102 644 2167 ulio
682 2101 721 2167 ub
756 2102 814 2166 iliis
851 2123 971 2188 quaen

63 2191 209 2272 prioribus
232 2191 353 2256 inventu
390 2205 473 2269 sunt,
505 2191 583 2256 sicut
617 2190 727 2255 dicitur
764 2191 794 2255 iu
834 2190 971 2256 necundo

63 2277 332 2366 Metophysicorum
357 2287 440 2370 (tert.
463 2300 576 2345 comm.
603 2281 646 2363 ι).
681 2279 747 2344 Non
787 2278 880 2363 igitur
916 2280 972 2346 ho-

64 2370 152 2434 mines
177 2371 209 2434 in
233 2371 407 2452 cognitione
436 2370 568 2434 ueritatis
590 2371 633 2434 sic
670 2388 704 2433 se
738 2369 853 2434 hubent
885 2371 973 2455 quasi

64 2455 90 2518 iu
111 2458 220 2524 ultimo
243 2458 305 2523 fine
328 2461 500 2524 existentes.
524 2457 601 2524 Cum
639 2458 730 2540 igitur
769 2458 797 2521 in
831 2459 972 2543 specuiu-

65 2544 146 2622 tiune‚
170 2568 227 2634 per
250 2568 342 2633 quum
367 2547 523 2632 quaeritur
536 2547 670 2630 cognitio
683 2547 825 2624 veritatiS,
837 2548 971 2614 maxime

66 2633 195 2702 uideatur
218 2635 324 2701 ultimo
348 2636 481 2700 hominis
510 2633 635 2701 felicitas
669 2636 699 2700 in
723 2635 779 2700 hac
804 2635 862 2698 uite
897 2656 971 2702 con·

66 2722 173 2800 sistere,
195 2726 274 2790 sicut
296 2724 387 2789 etium
424 2726 488 2809 ipse
512 2724 686 2790 Aristoteies
715 2725 824 2810 probat
860 2724 972 2809 (Euhie.

67 2809 111 2890 ii),
131 2833 157 2878 c.
184 2815 250 2902 id),
272 2813 461 2900 impossibiie
483 2826 538 2879 est·
564 2813 666 2879 dicere
699 2811 782 2898 quod
821 2811 916 2878 homo
941 2814 972 2878 in

66 2896 115 2965 huo
134 2903 195 2966 vitu
218 2902 361 2966 ultimum
383 2903 477 2968 finem
500 2923 592 2967 suum
615 2913 829 2987 consequntur.

123 2989 295 3068 Praetereo,
318 2988 419 3056 Omne
441 2991 524 3078 quod
548 3003 593 3056 εει
615 2991 647 3054 iu
670 2991 805 3076 potentin
844 2988 974 3054 intendit

67 3077 139 3142 crire
162 3080 193 3142 in
217 3092 332 3144 netum.
366 3080 521 3161 Quamdiu
546 3079 638 3164 igitur
672 3099 734 3144 non
770 3091 875 3142 estex
910 3091 973 3144 toto

69 3162 170 3232 iactum
194 3168 225 3231 in
249 3181 328 3246 notu,
350 3189 413 3233 nun
436 3183 481 3233 est
504 3169 535 3233 iu
558 3189 615 3232 suo
643 3165 704 3232 fine
739 3167 857 3230 ultimo.
882 3164 973 3234 intel-

69 3249 153 3320 lectus
176 3267 279 3320 eutem
302 3269 406 3322 noster
428 3270 474 3322 est
496 3257 526 3322 in
551 3256 685 3344 potentio
719 3255 758 3320 od
781 3276 890 3322 omues
914 3255 974 3321 ior-

71 3359 127 3406 mus
147 3365 250 3408 rerum
274 3344 515 3430 cognoscendum
537 3345 694 3410 reducitur
709 3359 811 3410 nutem
828 3345 858 3408 iu
871 3359 972 3410 uctum

72 3445 130 3495 cum
153 3432 286 3517 aliquam
310 3454 417 3498 earum
445 3435 611 3517 cognoscit.
646 3434 725 3517 Ergo
750 3453 821 3506 ,non
856 3434 913 3496 erit
936 3454 973 3497 ex

74 3520 176 3586 totuin
204 3535 273 3586 uctu
307 3543 364 3588 occ
386 3525 417 3588 io
443 3523 549 3588 ultimo
587 3542 643 3587 sun
668 3521 746 3600 dne,
769 3522 826 3588 nisi
848 3520 973 3607 quondo
1053 3533 1062 3554 ‘
