2514 3972
282 247 284 251 ’
356 283 365 301 ν
403 266 458 310 tte.
483 267 523 310 ιιι.
548 265 611 311 ιιι.
634 265 709 310 xcvt.
957 241 1021 308 ⁶297

108 335 138 399 in
160 333 220 398 hoo
243 333 355 400 iterum
379 353 395 398 a
419 335 663 400 consideratione
698 331 876 398 universalis
904 331 1021 398 ordinis

107 423 293 488 recedebant
315 423 398 509 quod
421 425 575 510 ponebant
597 424 750 489 orationes
777 421 816 486 ad
840 421 915 485 nihil
931 423 1022 486 utiles

107 532 182 590 esse,
205 526 365 598 tamquam
389 513 574 580 arbitrentur
596 513 766 578 voluntates
800 511 962 576 hominum
992 527 1022 577 et

107 620 214 665 eorum
237 601 388 666 desideria
413 601 609 687 (exquibus
639 601 791 666 orationes
826 600 1022 686 procedunt)

107 689 163 754 sub
185 690 241 755 illo
272 690 434 756 universali
469 691 576 756 ordine
599 711 660 756 non
684 687 917 773 comprehendi
950 711 1020 756 cum
1065 763 1069 775 ἱ

106 778 185 842 enim
220 779 326 844 dieunt
361 779 453 864 quod,
486 780 550 844 sive
584 780 735 844 orationes
759 777 832 842 liant
862 787 925 842 sive
947 798 1021 857 non,

104 865 306 932 nihilominus
340 867 421 932 idern
455 869 579 934 ellectus
614 867 751 953 sequitur
788 869 818 930 in
857 866 950 931 rebus
984 889 1021 933 ex

105 956 269 1021 universali
292 955 400 1021 ordine
423 977 542 1032 eorum,
559 955 719 1022 manifeste
734 955 771 1020 ab
787 955 839 1020 illo
855 957 1019 1020 universali

104 1043 213 1110 ordine
238 1058 307 1110 vota
331 1047 483 1110 orantium
507 1058 709 1132 sequestram
730 1045 754 1109 si
771 1044 853 1108 enim
869 1043 945 1109 liaeo
961 1045 1018 1108 sub

104 1131 155 1197 illo
180 1133 291 1198 ordine
313 1135 624 1220 comprehendantur,
646 1135 722 1199 sicut
746 1153 801 1219 per
824 1132 896 1197 alias
912 1153 1019 1198 causes

103 1220 141 1285 ita
166 1237 196 1286 et
221 1243 277 1308 per
300 1223 376 1286 haec
398 1243 435 1288 ex
458 1223 558 1288 divina
578 1224 769 1289 ordinatione
785 1222 876 1306 aliqui
895 1222 1019 1287 effectus

103 1327 285 1394 sequuntur.
311 1311 394 1375 ldem
418 1333 492 1396 ergo
519 1314 575 1377 erit
608 1313 771 1377 excludere
795 1311 940 1374 orationis
974 1311 1019 1375 el-

102 1396 215 1463 lectum
241 1413 271 1464 et
294 1397 505 1464 commtinium
529 1401 657 1466 aliarum
681 1396 970 1480 causarquuod
994 1402 1018 1465 si

101 1485 166 1551 aliis
189 1489 292 1553 causis
315 1489 513 1554 immobilitas
538 1490 631 1554 divini
668 1488 784 1553 ordinis
808 1489 931 1553 allectus
954 1511 1017 1554 non

101 1575 263 1654 subtrahit,
286 1597 387 1664 neque
411 1580 585 1644 orationum
608 1577 774 1643 efficaciam
797 1577 884 1642 tollit.

164 1665 275 1731 Valent
298 1667 389 1750 igitur
412 1669 574 1744 orationes,
606 1689 668 1731 non
690 1667 775 1752 quasi
799 1666 940 1730 ordinem
965 1687 1014 1730 aea

101 1765 207 1820 ternae
231 1755 669 1840 dispositionisimmutantes,
697 1755 750 1820 sed
774 1755 941 1840 quasisub
966 1756 1017 1820 tali

102 1842 241 1910 ordinem
266 1844 358 1908 etiam
382 1845 464 1930 ipsae
488 1847 659 1910 existentes.
683 1845 763 1909 Nihil
788 1857 890 1908 eutem
913 1845 1017 1928 prohi-

100 1927 149 1995 bet
172 1953 225 2018 per
252 1933 425 1998 orationum
449 1924 613 1999 efficaciam
638 1933 770 2019 aliquem
800 1933 1014 2018 particularem

101 2020 242 2086 ordinem
269 2021 398 2106 alicujus
432 2021 583 2088 inferioris
616 2041 726 2088 causae
759 2021 925 2097 immutari,
949 2022 1015 2088 Deo
1065 2098 1067 2103 ¹

99 2105 240 2184 iaciente,
265 2111 316 2196 qui
340 2129 447 2175 omnes
470 2113 699 2198 supergreditur
722 2131 839 2188 eausam
862 2110 945 2174 unde
957 2112 1015 2176 sub

99 2197 181 2263 nulla
206 2199 386 2264 necessitate
409 2198 523 2264 ordinis
547 2199 675 2284 alicujus
698 2219 809 2264 causae
832 2199 1016 2277 continetur,

99 2286 152 2350 sed
176 2307 365 2352 econverso
389 2289 488 2352 omnis
511 2291 675 2354 necessitas
710 2288 827 2352 ordinis
862 2285 1015 2353 inferioris

100 2377 210 2440 causae
233 2377 406 2441 continetur
438 2378 495 2442 sub
519 2379 584 2464 ipso
607 2377 691 2462 quasi
717 2377 754 2440 ab
778 2395 815 2440 eo
850 2376 1014 2442 institutus.

100 2460 284 2549 lnquantum
320 2485 394 2550 ergo
418 2466 664 2552 perorationem
689 2465 868 2530 immutatur
901 2465 1015 2552 aliquid

101 2549 139 2615 dc
161 2553 270 2618 ordine
292 2551 469 2620 inferiorum
492 2575 653 2620 causarum
670 2555 839 2618 institutoa
862 2554 928 2619 Deo
945 2575 1015 2642 pro-

100 2653 167 2724 pter
190 2644 344 2707 orationes
378 2646 510 2729 piorum,
534 2644 644 2708 dieitur
679 2643 762 2706 Dens
796 2644 931 2708 converti
968 2644 1016 2708 vel

99 2732 270 2812 poenitere,
293 2751 355 2795 nou
379 2732 460 2817 quod
473 2747 597 2797 aeterna
614 2732 679 2815 ejus
696 2731 853 2817 dispositio
870 2744 1015 2807 mutetur,

100 2817 152 2882 sed
177 2820 248 2905 quia
272 2833 407 2884 mutatur
429 2820 537 2905 aliquis
561 2821 696 2886 effectus.
709 2819 796 2884 Unde
809 2832 838 2884 et
850 2819 1015 2902 Gregorius

100 2903 171 2972 dicit
205 2907 288 2993 quod
323 2928 385 2973 non
425 2922 523 2974 mutat
555 2910 638 2974 Deus
671 2908 843 2986 consilium,
877 2909 1015 2993 quamvis

101 2995 288 3083 quandoque
311 3009 408 3061 mutet
430 3000 698 3074 sententiam3non
723 3011 823 3061 tamen
841 2996 1015 3082 illamquae
1091 3039 1093 3044 ,

101 3085 242 3168 exprimit
266 3085 496 3172 dispositionem
521 3100 691 3163 aeternam,
713 3086 767 3150 sed
790 3086 874 3150 illam
891 3101 1015 3150 senten·
1108 3163 1114 3180 ⁸

103 3169 173 3236 tiam
198 3193 276 3258 quae
300 3175 442 3262 exprimit
471 3175 611 3241 ordinem
636 3175 816 3240 inferiorum
841 3193 1015 3252 causarum,

103 3263 271 3326 secundum
295 3283 386 3350 quem
413 3263 556 3330 Ezechias
580 3276 644 3330 eret
677 3263 844 3329 moriturus
867 3263 915 3328 vel
938 3283 1014 3348 gens

105 3345 205 3433 aliquo
243 3371 298 3436 pro
334 3353 465 3437 peccatis
496 3353 559 3418 suis
593 3352 758 3440 punienda.
794 3351 877 3417 Talis
912 3367 1014 3417 autem

104 3433 272 3504 immutatio
305 3441 473 3506 sententiae
507 3441 575 3519 Dei,
609 3455 812 3528 transsumpta
850 3441 1015 3518 locutione,

106 3521 213 3592 dieitur
233 3529 429 3616 poenitentia,
453 3531 634 3618 inquantum
664 3529 748 3597 Deus
770 3531 809 3597 ad
833 3531 1014 3620 poenitentis
