2452 3970
213 233 277 296 tec
522 254 577 298 tin.
601 256 641 299 m.
667 253 730 299 aar.
754 255 827 300 cxiv.

279 319 394 399 Adhuc,
418 321 459 386 lla
483 342 562 408 quae
586 334 656 388 sunt
678 322 849 389 secundum
872 342 961 386 suam
984 333 1127 386 naturam

211 407 349 474 distincta
374 409 404 474 in
429 431 524 476 unum
549 412 689 477 ordinem
714 433 776 477 non
799 411 987 476 conveniunt
1007 411 1062 475 nisi
1086 409 1130 472 ab

210 519 272 562 uno
295 497 436 564 ordinate
463 501 646 585 colligantur
675 503 705 566 in
731 522 838 566 unum.
863 500 898 564 ln
932 500 1131 564 universitate

209 601 311 653 autem
337 607 442 653 rerum
473 603 544 654 sunt
567 611 616 654 res
648 591 806 656 distinctae
830 603 860 654 et
882 589 1050 654 contrarias
1073 607 1130 650 ua·
1174 605 1180 618 ‘

207 691 290 742 turas
314 677 474 756 habentes,
498 699 576 764 quae
606 693 707 744 tamen
733 697 841 745 omnes
865 679 896 744 in
920 697 1016 742 unum
1045 673 1130 739 ordi-

207 786 279 830 nem
303 767 504 845 eonven'tunt‚
538 789 608 833 cum
634 769 786 856 quaedam
819 766 1014 856 operationes
1049 785 1129 850 qun-

207 855 351 919 rnmdam
375 859 543 942 excipiunt,
577 859 729 942 quaedam
754 871 856 922 autem
890 877 907 921 a
941 855 1129 942 quibusdam

206 943 352 1027 juvantur
374 946 420 1008 vel
445 948 536 1010 etiam
565 959 741 1034 operantur.
765 945 895 1032 Oportet
930 945 1022 1030 igitur
1044 942 1130 1028 quod

208 1046 247 1097 stt
269 1033 482 1098 universorum
507 1055 586 1100 unus
610 1036 767 1100 ordinator
790 1050 819 1099 et
841 1035 1037 1120 gubernator.

274 1122 423 1208 Amplius,
447 1123 558 1188 Eorum
575 1145 655 1209 quae
670 1126 751 1189 circa
767 1124 943 1189 caelestium
960 1138 1129 1206 corporum

211 1224 312 1274 motus
335 1227 482 1297 apparent
517 1211 593 1277 ratio
626 1213 774 1298 assignari
798 1233 859 1278 non
885 1225 982 1298 potest
1011 1229 1048 1273 ert
1074 1228 1128 1271 ne·

209 1299 348 1364 cessitate
383 1313 527 1378 naturae,
563 1323 634 1366 cum
669 1302 822 1388 quaedam
852 1321 958 1365 eorum
994 1299 1130 1362 habeant

207 1388 313 1473 plures
330 1389 514 1474 quibusdam
531 1403 561 1454 et
573 1391 701 1456 omnino
717 1390 882 1455 difformes.
896 1387 1131 1474 Oportetigitur

206 1477 291 1561 quod
314 1477 436 1542 illorum
468 1494 609 1544 motuum
634 1481 784 1545 ordinatio
807 1483 845 1544 sit
868 1479 907 1544 ab
934 1477 1035 1562 aliqua
1060 1495 1132 1559 pro·

206 1567 359 1646 videntia,
392 1581 423 1632 et
457 1589 511 1653 per
546 1589 738 1655 consequens
771 1572 911 1633 omnium
945 1565 1130 1631 inferiorum

205 1667 346 1720 motuum
370 1671 400 1721 et
423 1657 637 1742 operationum
662 1678 741 1744 quae
765 1678 821 1744 per
844 1657 912 1722 illos
934 1669 1037 1720 motus
1059 1652 1124 1716 dis·

204 1757 373 1829 ponuntur.
1207 1792 1208 1797 η

232 1869 238 1874 ·
271 1833 357 1909 item,
381 1832 505 1914 Quanto
539 1834 654 1919 aliquid
689 1835 890 1922 propinquius
924 1847 970 1898 est
1003 1851 1130 1908 causae,
1206 1859 1207 1912 ς

205 1934 289 1984 tanto
313 1921 381 2008 plus
404 1924 563 2008 participat
586 1925 625 1988 de
655 1924 763 1989 ellectu
787 1925 892 2010 ipsius;
916 1922 999 1987 unde
1022 1923 1048 1986 si
1071 1921 1127 1984 alib

205 2011 277 2095 quid
296 2023 379 2074 tanto
396 2012 593 2097 participatur
606 2012 769 2099 perfectius
785 2015 824 2077 ab
841 2011 994 2098 aliquibus
1010 2024 1129 2096 quanto

205 2099 294 2163 alicui
319 2101 361 2164 rei
386 2101 483 2184 magis
507 2103 742 2188 appropinquat,
759 2102 886 2186 signum
904 2115 949 2165 est
971 2099 1055 2186 quod
1072 2098 1127 2162 illa

205 2209 255 2252 res
277 2189 316 2252 sit
339 2209 430 2253 eausa
454 2189 534 2254 illius
557 2190 640 2276 quod
675 2191 881 2256 diversimode
918 2189 1132 2276 participatur:

207 2279 295 2353 sicut,
320 2278 343 2341 si
368 2279 469 2363 aliqua
501 2279 561 2343 sint
594 2281 691 2363 magis
714 2280 812 2344 calida
836 2280 1007 2344 secundum
1042 2277 1130 2361 quod

208 2367 307 2449 magis
338 2367 563 2454 appropinquat
587 2368 660 2452 igni,
693 2369 815 2454 signum
850 2382 895 2433 est
928 2367 1020 2452 quod·
1047 2367 1129 2448 ignis

206 2455 244 2518 sit
267 2473 358 2518 causa
381 2455 500 2520 caloris.
532 2456 730 2522 lnreniuntur
766 2471 869 2523 autem
904 2456 1004 2541 aliqua
1040 2467 1127 2517 tanto

207 2541 370 2628 perfectius
398 2543 537 2608 ordinata
572 2565 639 2610 esse
673 2558 789 2630 quanto
821 2559 893 2610 sunt
926 2545 994 2608 Deo
1028 2546 1130 2625 magis

207 2633 390 2718 propinqum
415 2652 498 2711 nam,
523 2634 554 2697 in
589 2635 769 2720 corporibus
804 2633 1012 2710 inlericribus‚
1046 2652 1130 2716 quac

206 2737 277 2786 sunt
301 2720 474 2786 matrimes
499 2722 564 2786 Deo
591 2723 743 2802 distantia,
766 2738 893 2788 naturae
916 2721 1128 2796 similitudine,

207 2811 361 2875 invenitur
384 2830 452 2874 esse
476 2809 612 2876 delectus
639 2812 804 2897 aliquando
838 2813 939 2877 abeo
964 2809 1048 2896 quod
1082 2823 1130 2872 est

207 2899 378 2964 seeundum
403 2919 527 2964 cursum
552 2917 691 2979 naturae,
713 2901 791 2965 sicut
808 2915 889 2979 patet
906 2902 937 2964 in
953 2911 1130 2964 monstruo-

207 2992 247 3053 sis
273 3003 301 3053 et
326 2990 392 3052 aliis
424 2989 610 3058 causalibust
644 2991 726 3076 quod
763 3010 921 3075 nunquam
957 2989 1065 3053 eccidit
1098 2987 1130 3049 in
1208 3051 1209 3056 ,

113 3139 114 3142 ,
206 3078 388 3163 corporibus
404 3077 596 3156 caelestibus,
614 3098 692 3163 quae
710 3092 812 3144 tamen
828 3094 899 3143 sunt
911 3079 1015 3162 aliquo
1031 3075 1127 3140 modo
1208 3127 1209 3152 p

206 3167 374 3245 mutabilia3
398 3167 482 3251 quod
499 3187 560 3232 non
576 3167 685 3233 accidit
700 3167 731 3231 in
747 3168 923 3232 substantiis
935 3165 1124 3232 intellectua-
1208 3205 1209 3246 3

205 3255 285 3320 libus
301 3256 459 3342 separatis.
483 3255 676 3322 llanilestum
693 3271 857 3322 astantem
875 3257 957 3339 quod
974 3256 1058 3320 Deus
1081 3268 1126 3318 est

205 3365 296 3408 causa
322 3345 414 3408 totius
438 3345 553 3410 ordinis
570 3367 684 3410 rerum.
708 3345 759 3410 Est
775 3345 867 3430 igitur
883 3348 948 3431 ipse
964 3365 1021 3431 per
1036 3365 1124 3410 suam

204 3434 427 3518 providentiam
453 3434 640 3517 gubernator
663 3437 754 3498 totius
777 3435 983 3498 universitatis
1008 3453 1123 3498 rerum.

272 3522 389 3600 Adhuc,
413 3521 491 3586 sicut
514 3543 605 3608 supra
620 3521 663 3610 ql.
689 3523 719 3603 9,
744 3543 769 3588 c.
795 3523 837 3588 95
853 3543 870 3588 e
886 3523 944 3606 ll)
961 3522 1124 3610 probatum
