2494 3970
227 217 269 280 ta
531 225 587 282 dm.
614 235 653 280 nt.
677 234 741 282 ese.
765 235 830 280 xxv.
1233 293 1234 298 ἵ

226 304 443 392 apparetquod
456 303 526 372 finis
537 305 698 390 cujuslibet
713 303 900 370 substantiae
916 301 1148 380 intellectualis,

226 395 317 460 etiem
341 395 475 474 inlimae,
498 407 544 460 est
565 395 736 478 intelligere
761 394 873 458 Deum.

292 481 456 551 Ostensum
480 497 526 548 est
547 485 630 550 enim
653 504 744 568 supra
769 483 809 563 (c.
835 478 891 566 18)
903 481 985 568 quod
999 480 1144 546 omnium

226 572 341 636 entium
366 571 490 638 ultimus
514 572 594 650 finis,
615 573 645 636 in
670 592 763 658 quem
787 571 927 645 tendunt,
961 584 1008 638 est
1044 569 1145 634 Deus.

227 660 400 726 Intellectus
423 676 525 728 eutem
550 661 715 738 humanus,
737 661 792 726 etsi
815 661 853 726 sit
876 659 999 728 infimus
1021 659 1054 724 in
1091 677 1147 722 or·

167 805 170 813 2
226 750 298 814 dine
321 749 570 818 intellectualium
595 750 848 826 substantiarum,
869 763 915 814 est
950 762 1055 814 tamen
1091 767 1146 812 su·

225 839 328 924 perior
350 839 496 906 omnibns
518 839 672 923 intellectu
695 839 878 906 carentibus.
902 837 979 904 Cum
995 857 1069 922 ergo
1085 855 1144 900 no·

228 928 345 992 bilioris
367 928 553 994 substantiae
570 949 631 992 non
647 929 685 994 sit
700 927 866 1013 ignobilior
881 925 1139 1006 immeritorum

224 1016 396 1080 intellectus
419 1017 546 1095 humani
570 1016 638 1084 licis
661 1018 725 1102 ipse
762 1017 855 1084 Deus.
892 1014 1144 1101 Unumquodque

226 1118 329 1170 entem
354 1103 525 1190 intelligens
547 1109 745 1191 consequitur
766 1127 857 1172 suum
881 1105 974 1170 linem
998 1104 1143 1169 ultimum

227 1213 282 1278 per
305 1194 364 1260 lroc
386 1194 468 1276 quod
493 1193 592 1278 ipsum
632 1194 782 1278 intelligit,
819 1209 852 1259 ut
889 1206 1063 1280 ostensum·
1084 1204 1142 1256 est.

228 1282 430 1368 Intelligendo
453 1283 546 1368 igitur
569 1284 713 1369 pertingit
729 1283 904 1350 intellectus
930 1284 1084 1348 humanus
1100 1279 1142 1344 ad

230 1371 329 1438 Deum
354 1372 432 1436 sicut
454 1371 493 1436 ad
509 1373 614 1438 linem

293 1460 411 1538 Adhuc,
434 1459 519 1528 Sicut
542 1481 590 1526 res
614 1460 768 1528 intellectu
792 1473 932 1526 carentes
957 1459 1087 1526 tendunt
1109 1459 1142 1524 in

227 1549 328 1614 Deum
352 1549 430 1616 sicut
451 1549 482 1614 in
507 1549 600 1616 linem
623 1571 678 1636 per
705 1551 786 1614 viem
824 1548 1061 1626 assimilationis,
1098 1547 1141 1612 ita

226 1637 413 1704 substantiae
436 1638 656 1704 intellectuales
680 1659 734 1726 per
757 1640 838 1704 uiam
873 1638 1067 1723 cognitionis,
1104 1651 1140 1702 ut

226 1748 263 1792 en
286 1727 448 1813 praedictis
472 1735 572 1814 patet·
587 1728 646 1794 Res
669 1742 772 1794 antem
806 1727 963 1794 intellectu
1000 1738 1141 1794 carentes

227 1816 282 1880 etsi
297 1815 421 1880 tendant
433 1816 465 1880 in
480 1815 710 1882 similitudinem
724 1817 935 1904 proximorum
970 1815 1141 1900 agentium,

226 1925 288 1968 non
313 1917 415 1968 tamen
440 1905 479 1970 ibi
505 1905 632 1990 quiescit
656 1919 782 1972 naturas
807 1907 945 1983 intentio,
967 1905 1021 1970 sed
1046 1903 1140 1968 habet

227 2013 284 2079 pro
308 1993 369 2058 doe
390 1993 639 2060 assimilationem
664 1995 702 2058 ed
725 2016 882 2060 summunt
906 1996 1035 2065 bonum,
1052 2007 1084 2056 ut
1100 2012 1139 2062 ex

227 2081 314 2147 dictis
337 2094 429 2168 petet,
452 2083 508 2148 etsi
531 2083 795 2170 imperfectissime
819 2084 857 2148 ed
882 2084 961 2148 haitc
998 2081 1140 2148 similitu·

226 2169 332 2236 dinem
356 2171 473 2256 possint
495 2174 679 2258 pertingere.
703 2172 876 2240 lnteUectus
914 2173 1007 2256 igitur
1043 2191 1142 2256 quen-

227 2275 426 2344 tnmonmque
449 2261 604 2326 modicum
630 2263 724 2347 possit
746 2261 786 2328 de
824 2262 926 2326 divina
964 2260 1141 2345 cognitione

226 2349 394 2435 percipere,
417 2348 491 2414 illud
515 2351 572 2414 erit
610 2351 667 2416 sibi
702 2371 758 2436 pro
797 2350 904 2416 ultimo
944 2349 1004 2416 stne
1044 2352 1145 2433 magis

228 2457 323 2524 quam
347 2437 478 2524 perlecta
504 2439 640 2524 cognitio
664 2437 843 2504 inferiorum
867 2439 1117 2524 intelligibilium.
1237 2507 1238 2510 Ἴ

292 2526 439 2611 Amplius,
463 2525 711 2613 Unumquodque
732 2529 866 2594 menime
882 2528 1141 2593 desideratsnum

227 2615 368 2680 ultimum
393 2615 497 2680 finem.
520 2616 694 2682 intellectus
716 2631 819 2684 antem
855 2619 1009 2684 hutnanns
1042 2615 1140 2700 magis

226 2704 380 2770 desiderat
395 2719 425 2770 et
448 2719 531 2768 emet
553 2720 583 2769 et
606 2705 774 2770 delectetur
797 2707 828 2770 io
851 2707 1027 2790 cognitione
1062 2705 1140 2768 divi·

226 2815 349 2872 norum,
372 2795 511 2879 quemuis
533 2793 690 2859 modicum
704 2793 830 2880 quidem
844 2795 884 2860 de
908 2795 966 2860 illis
983 2795 1142 2882 percipere
1237 2787 1238 2796 ’

225 2883 330 2970 possit,
354 2901 447 2967 qnam
471 2881 501 2946 in
536 2880 669 2968 perlecta
707 2884 882 2968 cognitione
916 2904 1008 2968 quem
1049 2881 1144 2947 lrabet

228 2973 266 3038 de
290 2973 383 3038 rebus
406 2969 528 3036 infimis.
563 2971 614 3036 Est
650 2971 742 3057 igitur
766 2972 891 3038 ultimus
916 2971 985 3037 finis
1008 2971 1143 3037 hominis

157 3137 162 3144 ι
226 3062 397 3141 intelligere
420 3079 545 3144 quoquo
568 3060 662 3126 modo
684 3061 795 3126 Deum.

259 3141 265 3168 '
292 3150 410 3227 Adhuc,
434 3147 681 3235 Unumquodque
705 3150 801 3216 tendit
824 3150 854 3214 in
878 3149 1013 3215 divinam
1036 3148 1142 3214 simili-

226 3239 364 3304 tudinem
389 3239 467 3304 sieut
490 3237 520 3302 in
544 3241 703 3326 proprium
727 3239 832 3304 linem.
856 3239 934 3305 lllud
973 3237 1065 3322 igitur
1087 3257 1143 3324 per

226 3327 310 3412 quod
334 3327 577 3414 unumquodque
607 3329 740 3393 maxime
775 3328 843 3393 Deo
876 3327 1061 3392 assimiletur
1097 3339 1146 3392 est

227 3417 353 3483 ultimus
376 3413 445 3482 linis
469 3437 547 3501 qus.
571 3416 637 3482 Dec
661 3429 764 3482 cirtem
791 3417 977 3482 assimilatur
1009 3415 1144 3480 maxime

226 3521 365 3573 creature
388 3504 602 3573 intellectualis
625 3524 681 3594 per
715 3505 774 3572 hcc
812 3505 896 3592 quod
931 3503 1146 3572 intellectualis
