2516 3968
220 213 286 280 dlt]
499 233 555 278 nra.
586 232 627 277 nr.
658 232 720 277 ean.
750 230 856 276 cxxxv.

218 312 431 391 paupertatem
466 302 669 367 voluntariam
704 299 906 365 assumentes.
928 301 1036 367 Potest
1058 299 1146 366 enim

219 393 285 458 lieri
311 411 365 479 per
389 390 480 456 unios
504 391 553 455 vel
577 411 745 476 paucorum
763 389 1001 454 sollicitudinem
1026 402 1147 476 utpns·

218 482 371 547 sessiones
387 479 481 545 modo
498 479 602 544 debito
620 493 834 566 procurantem
850 479 935 544 etsie
951 477 1147 564 alii‚absque

218 568 436 656 temporalium
459 567 664 634 sollieitudine
680 581 885 644 remanentes,
901 567 998 632 libere
1013 581 1147 654 possunt

217 657 426 746 spiritualibus
460 674 581 732 vacere,
603 658 688 744 quod
722 669 769 721 est
804 655 919 721 fruetus
953 655 1148 723 voluntariae

217 747 414 834 paupertatis.
439 745 502 812 Nec
525 746 616 812 etiam
649 747 706 812 illis
730 746 849 832 deperit
872 743 987 832 aliquid
1011 744 1052 809 de
1075 765 1147 832 per·
1240 803 1241 840 r

217 835 351 902 sectione
390 835 469 901 vitae
503 835 555 922 qui
591 837 671 900 bane
707 833 946 901 sollicitudinem
981 853 1039 920 prn
1075 833 1146 900 allis
1240 865 1241 872 ρ

217 937 388 1002 assumunt3
412 923 495 1010 quod
519 924 603 990 enim
628 925 768 990 amittere
797 923 940 988 uidentur
963 923 995 987 in
1019 921 1146 989 delectu
1240 939 1241 942 ’

217 1014 327 1101 quietis
361 1026 544 1100 recuperant
575 1013 607 1078 in
641 1013 790 1100 obsequio
824 1011 991 1092 charitatis,
1023 1011 1057 1077 in
1080 1031 1144 1098 quo

219 1103 312 1168 etiam
337 1101 484 1189 perfectio
508 1103 588 1168 uitae
611 1104 757 1168 consistit.

283 1191 346 1257 Nec
369 1191 461 1256 etiam
486 1205 611 1278 propter
646 1193 728 1258 bunc
758 1190 886 1256 modum
909 1188 1033 1256 vivendi
1069 1209 1145 1256 oon-

218 1279 323 1345 cordia
346 1280 463 1346 tollitur
486 1281 647 1346 occasione
670 1279 882 1346 communium
901 1279 1145 1366 possessionum.

218 1369 310 1436 Tales
333 1370 417 1434 enim
442 1369 558 1434 debent
592 1370 795 1435 voluntariam
820 1381 1031 1456 paupertatem
1056 1387 1146 1432 assu·

217 1467 305 1524 mere
326 1457 379 1544 qui
409 1457 591 1544 temporalia
620 1472 829 1536 cnrttemnant‚
853 1470 883 1522 et
907 1457 981 1522 tales
994 1477 1052 1548 pro
1065 1470 1145 1522 tem·

217 1547 375 1634 penalibus
414 1547 633 1612 communibus
672 1547 848 1612 discordare
885 1567 948 1612 non
987 1560 1145 1632 possuut3

217 1635 399 1724 praesertim
423 1657 495 1702 cum
521 1656 558 1702 ex
581 1637 802 1726 temporalibus
830 1635 905 1700 nibil
940 1647 1064 1721 practer
1087 1655 1144 1701 nc·

217 1725 351 1791 cessaria
374 1725 453 1789 ritae
476 1724 610 1790 debeant
637 1739 800 1812 expectare
823 1738 854 1789 et
886 1745 958 1790 oum
982 1722 1144 1812 dispensa·
1240 1761 1241 1768 κ

217 1827 300 1880 tores
323 1827 463 1901 oporteat
485 1835 553 1880 esse
575 1814 693 1880 fideles.
729 1814 801 1892 Nec,
825 1827 950 1901 propter
973 1813 1034 1878 hoe
1057 1814 1143 1900 quod

216 1902 311 1988 aliqui
345 1903 405 1968 boe
435 1903 530 1968 modo
565 1902 685 1968 vivendi
719 1903 906 1982 abutantur,
941 1901 992 1968 bio
1026 1901 1142 1968 modus

216 1989 338 2055 vivendi
365 2004 465 2076 potest
500 1992 679 2078 improbari,
705 2011 779 2056 cum
814 1991 907 2056 etiam
942 1991 1033 2056 bonis
1067 1992 1143 2057 mali

214 2091 342 2146 utantur
366 2079 457 2158 male,
478 2081 558 2145 siout
579 2095 610 2145 ct
633 2079 721 2146 malis
745 2079 818 2146 boni
841 2080 922 2145 bene
943 2093 1085 2147 utuntur.

282 2167 405 2234 Tertius
429 2169 523 2234 etiam
547 2169 659 2236 modus
692 2169 814 2234 vivendi
849 2183 1063 2257 paupertatem
1087 2189 1143 2235 vc-

215 2257 379 2324 luntariam
403 2259 630 2324 assumentibus
662 2261 815 2338 convenit,
839 2272 872 2323 ut
894 2259 1012 2324 scilieet
1034 2259 1076 2324 de
1098 2258 1142 2324 la·
1240 2257 1241 2292 ³

215 2346 464 2414 heremannum
501 2349 611 2414 ritant.
635 2347 702 2412 Non
727 2347 809 2412 enim
844 2367 959 2414 uanum
983 2361 1029 2412 est
1064 2361 1142 2414 tem·

214 2434 332 2522 poralia
355 2435 510 2502 dimittere
532 2453 565 2502 ut
588 2437 701 2502 iterum
718 2436 915 2522 acquirantur
932 2456 987 2522 per
998 2436 1140 2502 laborem

213 2543 375 2602 manuum,
399 2525 478 2590 sicut
501 2527 600 2612 prima
632 2525 765 2590 raticio
800 2526 990 2590 contrarium
1024 2545 1141 2613 propo-

213 2611 319 2691 nebat3
341 2613 413 2700 quia
447 2613 624 2684 divitiarum
648 2613 800 2700 possessio
834 2629 865 2680 et
894 2613 1141 2695 sollicitudinem

212 2701 389 2788 requirebat
413 2709 443 2767 in
467 2702 664 2790 procurando
687 2702 736 2768 vel
758 2703 867 2768 saltem
885 2703 916 2766 in
932 2701 1140 2769 custodiendo

213 2805 244 2856 ct
267 2791 411 2858 allectum
450 2791 586 2856 hominis
623 2791 662 2856 ad
700 2812 733 2856 se
771 2792 922 2869 trabebat;
956 2791 1040 2880 quod
1076 2813 1141 2858 nnn

212 2879 333 2958 aedidit,-
357 2880 432 2946 dum
455 2881 512 2946 sibi
538 2881 605 2968 quis
627 2901 683 2966 per
717 2881 857 2947 laborem
887 2899 1037 2946 manuum
1062 2901 1144 2968 quo·

210 2968 363 3034 tidianum
387 2970 500 3036 vietum
524 2969 684 3056 acquirere
705 2969 818 3036 studet.

278 3058 365 3123 Patet
387 3073 490 3123 autem
514 3059 597 3144 quod
622 3059 660 3123 ad
683 3057 906 3144 acquirendum
924 3077 980 3144 per
994 3057 1138 3129 laborem

212 3165 365 3212 manuum
388 3147 513 3223 rictum,
535 3161 685 3234 quantum
714 3145 824 3212 suffieit
846 3144 886 3210 ad
919 3161 1048 3212 naturae
1072 3168 1139 3212 sus·

211 3235 424 3315 tentationem,
458 3235 616 3306 modinum
651 3249 773 3322 tempus
808 3235 917 3302 suffieit
952 3250 982 3301 et
1014 3235 1139 3304 modica
1240 3295 1241 3324 p

209 3324 384 3391 sollicitudo
412 3325 584 3392 necessaria
619 3339 674 3404 est;
697 3325 751 3390 sed
786 3325 969 3391 addititias
1004 3344 1138 3410 congre·

208 3414 338 3497 gaudes,
375 3415 424 3479 rel
458 3414 649 3501 superfluum
686 3415 798 3480 victum
833 3412 1047 3501 quaerendum
1081 3433 1139 3500 per
1240 3433 1241 3488 j

211 3501 350 3566 laborem
364 3522 524 3582 manuum,
539 3503 616 3570 sicut
629 3503 802 3570 saeculares
816 3503 947 3593 artifices
960 3502 1136 3584 intendunt,
