2462 3968
189 215 254 278 988
510 235 566 280 nm.
590 237 630 280 nr.
657 234 719 279 cin.
744 234 820 278 xciv.
1027 293 1030 299 Ι

188 325 264 368 num
288 304 389 381 totius3
414 304 495 369 nnde
519 305 629 391 afiqnis
652 303 792 368 defectus
824 316 872 368 εει
906 317 1031 392 praeter
1070 308 1119 372 in-

188 393 356 458 tentionem
380 394 570 480 particularis
608 395 736 477 agentis,
765 391 817 478 qui
857 408 902 458 est
940 395 1117 460 seeundum

187 482 389 548 intentionem
412 483 530 566 agentis
565 483 756 548 universalis:
794 483 873 546 sicut
899 496 989 569 patet
1029 488 1117 570 quod

186 573 344 654 generatio
368 570 501 636 feminae
525 585 570 637 est
595 585 716 658 praeter
754 571 958 637 intentionem
983 585 1117 638 naturae

187 660 388 744 particularis,
410 661 490 728 idest
514 661 605 746 hujus
629 661 748 725 virtutis
783 680 864 746 qnae
903 675 949 726 est
983 663 1016 726 in
1055 663 1117 728 froc

185 750 316 828 semine,
336 769 416 834 quae
440 752 479 816 ad
503 752 561 815 hoc
585 749 682 815 tendit
698 749 782 835 quod
815 749 954 835 perficiat
978 771 1116 837 concep·

186 852 251 902 tum
274 854 390 924 quanto
413 841 510 923 magis
533 855 643 925 potest;
666 853 711 902 est
734 852 837 903 autem
868 839 907 904 de
940 839 1117 904 intentione

186 941 313 992 naturae
337 929 527 1006 uniuersalis,
551 927 629 992 idest
652 928 770 992 virtutis
794 928 975 992 universalis
993 931 1116 1013 agentis

186 1016 224 1079 ad
248 1018 480 1100 generationem
504 1016 696 1094 inferiorum,
719 1015 802 1102 quod
839 1017 953 1080 femina
978 1037 1115 1101 genere-

187 1120 246 1178 tur,
268 1105 336 1170 sine
359 1126 419 1192 qua
435 1108 593 1192 generatio
631 1106 798 1170 multorum
839 1106 888 1189 (f)
928 1106 1114 1172 animalium

184 1194 332 1278 compleri
355 1215 418 1258 non
444 1210 556 1282 possen
580 1210 610 1259 et
633 1195 744 1260 eodem
770 1195 864 1258 modo
904 1197 1065 1281 corruptio
1083 1211 1116 1260 et

185 1283 348 1348 diminutio
377 1297 407 1347 et
431 1287 531 1349 omnis
554 1281 691 1348 defectus
715 1298 760 1348 εει
784 1286 823 1346 de
859 1285 1033 1348 intentione
1057 1306 1115 1348 na-

185 1386 271 1435 turae
296 1373 485 1452 universalis,
509 1393 571 1437 non
596 1387 699 1438 autem
739 1387 868 1436 naturae
905 1373 1116 1458 particularis3

184 1481 255 1524 nam
280 1462 434 1547 quaelibet
458 1483 507 1527 res
531 1462 607 1546 fugit
638 1461 806 1540 defectum,
840 1463 937 1526 tendit
973 1483 1050 1526 vero
1074 1463 1116 1528 ad

185 1548 403 1633 perfectionem
427 1565 576 1638 quantum
603 1553 690 1615 inse
725 1564 780 1616 est.
816 1550 903 1614 Patet
926 1569 1002 1634 ergo
1027 1554 1116 1636 qvuod

184 1638 223 1701 de
247 1639 417 1704 intentione
434 1640 625 1725 particularis
656 1641 774 1724 agentis
802 1654 846 1704 est
871 1641 955 1724 quod
980 1638 1116 1706 effectus

182 1747 256 1792 suus
280 1729 332 1793 fiat
355 1728 507 1814 perfectus
530 1743 814 1815 quantumcumque
838 1743 937 1814 potest
960 1730 992 1794 in
1016 1747 1116 1812 gene·

183 1835 216 1879 re
240 1837 306 1882 suo:
342 1819 381 1880 de
420 1818 588 1882 intentione
618 1833 721 1882 autem
760 1832 888 1881 naturae
927 1819 1114 1886 universalis

181 1906 332 1991 estquod
359 1908 407 1971 hic
431 1906 560 1972 effectus
585 1906 637 1971 fiat
661 1906 814 1995 perfectus
839 1907 889 1970 tafi
917 1905 1112 1993 perfectione

182 2007 254 2078 puta
295 1994 480 2081 perfectione
516 1997 655 2074 masculi,
693 1995 743 2060 ifle
777 2009 882 2059 autem
917 1993 1112 2082 perfectione

181 2081 325 2162 feminae,
349 2086 430 2148 inter
454 2098 556 2172 partes
578 2100 684 2150 autom
709 2086 805 2149 totius
829 2085 981 2162 universi,
1005 2089 1110 2172 prima

182 2171 336 2238 distinctio
356 2187 484 2259 apparet
509 2175 680 2240 secundum
705 2175 887 2258 contingens
910 2188 940 2239 et
965 2194 1110 2242 necessa-

180 2262 271 2336 rium3
295 2251 453 2348 superiora
480 2266 564 2326 cuim
589 2265 619 2326 in
644 2264 767 2328 entibus
789 2277 875 2327 sunt·
892 2267 1112 2332 necessariaet

181 2349 421 2437 incorruptibilia
445 2367 478 2416 et
502 2352 684 2430 immobilia3
708 2371 724 2415 a
749 2371 829 2437 qnae
846 2353 973 2438 quidem
999 2355 1111 2420 eondi-

180 2439 263 2502 tione
288 2453 370 2504 tanto
395 2442 495 2526 magis
519 2441 665 2506 deficiunt
688 2455 803 2528 quanto
827 2441 858 2504 in
882 2439 1107 2528 inferiorigra-

180 2527 478 2606 dueonstitunntnr3
515 2531 555 2594 ita
594 2529 678 2614 quod
718 2529 824 2594 infima
862 2547 1112 2616 corrumpuntur

178 2615 304 2701 quidem
335 2633 485 2706 qnantum
520 2619 558 2683 ad
592 2637 660 2684 csse
696 2637 798 2696 suum,
832 2631 998 2683 moventur
1034 2641 1110 2688 vero

178 2720 328 2790 quantum
351 2709 389 2772 ad
415 2727 485 2772 suas
509 2707 736 2794 dispositiones,
760 2728 832 2772 suos
855 2709 949 2772 etiam
977 2708 1107 2778 effectus

177 2815 239 2859 non
278 2795 317 2860 de
352 2799 542 2875 necessitate,
580 2797 635 2862 sed
669 2799 883 2881 contingenter
918 2798 1107 2882 producunt.

177 2883 345 2964 Quodlibet
368 2887 459 2970 igitur
482 2905 578 2971 agens
602 2886 686 2972 quod
710 2899 755 2950 est
787 2906 857 2971 pars
897 2885 1033 2952 universi
1059 2892 1105 2955 in·

177 2973 272 3038 tendit
295 2975 478 3061 inquantum
503 2988 602 3061 potest
639 2977 669 3039 in
704 2995 761 3039 suu
799 2995 867 3039 esse
904 2988 935 3039 et
972 2980 1105 3044 natiuafi

175 3063 375 3148 dispositione
399 3063 562 3152 persistere
585 3076 616 3128 et
644 3083 736 3129 suum
774 3064 911 3128 stabilire
945 3064 1104 3133 effectum.

175 3150 259 3216 Deus
282 3167 399 3227 nutem,
422 3155 474 3240 qui
499 3167 544 3219 est
566 3153 699 3218 universi
737 3153 937 3236 gubernator,
969 3157 1104 3222 intendit

174 3241 257 3326 quod
281 3241 446 3308 effectuum
484 3241 551 3326 ejus
588 3242 638 3308 hic
675 3243 801 3328 quidem
837 3243 1010 3311 stabiliatur
1042 3267 1100 3332 per

226 3378 265 3448 (f)
287 3378 431 3434 Multorum
449 3382 616 3447 animalium,
634 3381 650 3435 i.
668 3397 691 3434 e.
709 3383 827 3438 omnium
847 3399 962 3454 quornm
983 3401 1103 3456 procrea-

173 3453 210 3504 tio
228 3451 259 3504 fit
277 3467 325 3521 per
343 3467 440 3504 marem
459 3461 486 3506 ει
503 3453 634 3519 feminam3
662 3451 712 3505 nlfa
740 3457 809 3511 enim
828 3463 890 3512 sunt
909 3459 1037 3526 quaeret
1055 3473 1103 3528 per

173 3523 329 3578 decisionem
350 3524 394 3575 ref
410 3525 460 3577 atio
479 3525 555 3576 modo
574 3531 744 3592 generantur.
838 3579 842 3590 ,
