2462 3968
236 226 300 303 266
329 307 336 314 ¹
408 275 415 289 ε
501 246 558 291 tin.
581 248 623 291 ru.
647 247 712 292 cin.
741 245 877 291 cxxxvru.

232 315 350 380 bonurn
381 313 582 393 intellectum,
620 315 703 402 qnod
727 328 773 382 est
809 333 899 380 suum
933 313 1103 398 objectum,
1127 330 1153 380 ct

232 415 374 468 ruovetur
396 403 436 468 ab
461 403 528 488 ipso
552 405 632 470 sicut
655 406 737 470 visus
770 424 787 468 a
811 403 923 468 colore.
948 403 1037 468 Nulla
1059 404 1153 488 igitur

231 490 401 557 substantia
425 506 526 556 creata
571 506 671 579 potest
708 512 835 558 movere
874 490 1059 558 uoluntatem
1097 494 1153 558 nisi

232 581 389 646 mediante
414 580 497 646 bono
520 581 685 648 intellecto.
708 583 773 648 lloc
789 594 892 646 autem
909 595 955 646 εει
970 581 1152 666 inquantum

231 669 405 736 manifestat
429 669 456 734 ci
481 669 597 754 aliquid
614 689 681 739 esse
706 672 822 737 bonum
846 669 1052 754 adagendum
1069 671 1153 756 quod

230 772 276 824 est
299 757 496 846 persuadere.
520 759 611 826 Nulla
635 761 728 844 igitur
749 759 919 826 substantia
936 771 1038 824 creata
1054 773 1153 844 potest

230 867 323 932 agere
347 849 378 912 in
401 847 592 914 voluntatem
615 849 666 914 rel
689 869 756 914 εεεε
786 869 878 914 εευεε
916 847 1075 914 electionis
1097 869 1153 913 nc·

229 949 311 1002 strae
333 935 391 1002 nisi
414 956 470 1022 per
491 937 620 1004 mudum
644 937 811 1004 suadentis.

298 1025 385 1102 ltem,
409 1025 454 1090 Ab
477 1025 530 1091 illo
555 1039 664 1110 agente
688 1026 804 1112 aliquid
826 1036 933 1092 natum
964 1035 1010 1090 est
1032 1027 1151 1090 moveri

231 1126 261 1178 ει
285 1114 346 1200 ρειί
370 1133 425 1200 per
447 1115 536 1199 cujus
559 1114 691 1181 scemam
714 1115 818 1181 reduci
843 1126 942 1202 potest
980 1114 1011 1178 in
1035 1125 1150 1190 actum3

230 1222 304 1268 nam
327 1221 419 1270 omne
442 1223 537 1287 agens
558 1205 621 1288 agit
643 1226 698 1290 per
720 1203 852 1270 formam
875 1223 975 1269 suam.
1002 1201 1150 1269 Voluntas

233 1305 337 1357 autem
369 1290 527 1356 reducitur
560 1293 591 1357 in
626 1307 730 1359 actum
766 1313 822 1380 per
855 1291 1030 1379 appetibile,
1070 1292 1153 1377 quod
1220 1295 1221 1332 ³

231 1393 352 1446 metum
375 1379 519 1446 desiderii
543 1380 609 1466 ejus
632 1383 759 1468 quietat.
783 1382 815 1446 ln
839 1381 906 1446 solo
940 1393 1044 1445 autem
1071 1380 1151 1446 bone

231 1470 335 1536 divino
347 1472 500 1556 quietatur
523 1469 710 1536 desiderium
723 1469 886 1536 voluntatis
901 1469 979 1535 sicut
992 1470 1023 1534 in
1040 1468 1150 1534 ultimo

230 1558 302 1637 line,
326 1572 360 1624 ut
381 1578 418 1624 err
455 1559 638 1646 supradictis
676 1571 768 1646 patet.
806 1559 898 1624 Solus
935 1559 1028 1642 igitur
1066 1557 1149 1624 Deus

230 1659 332 1735 potest
354 1667 481 1713 movere
505 1648 693 1714 voluntatem
717 1669 773 1734 per
802 1647 931 1712 modum
954 1647 1087 1732 agentis.

296 1735 414 1812 Adhuc,
438 1736 523 1802 Sicut
546 1738 577 1802 in
602 1757 635 1802 re
658 1737 824 1802 inanimata
849 1756 882 1802 se
906 1735 999 1802 habet
1021 1736 1150 1801 inclina·

230 1826 273 1890 tin
296 1825 442 1891 naturalis
472 1824 511 1889 ad
546 1826 704 1912 proprium
740 1825 847 1903 finem,
880 1845 960 1911 quae
998 1827 1150 1912 appetitus

230 1913 341 1978 dicitur
363 1913 521 1990 naturalis,
544 1916 584 1980 ita
608 1935 641 1980 se
665 1914 759 1991 habet
788 1915 818 1980 in
857 1914 1024 1980 substantia
1062 1913 1150 1979 intel·

230 2001 351 2067 lectuali
377 2001 528 2080 voluntas,
544 2023 623 2088 quae
636 2003 745 2068 dicitur
758 2004 909 2091 appetitus
925 2001 1148 2068 intellectualis.

229 2089 445 2158 lnclinatinncs
478 2105 581 2158 autem
615 2092 770 2158 naturales
804 2091 878 2158 darc
917 2111 978 2157 non
1012 2105 1059 2156 est
1094 2091 1148 2156 nisi
1221 2171 1222 2176 ἵ

227 2179 309 2246 illius
339 2179 391 2267 qui
426 2194 569 2246 naturam
608 2181 745 2247 instituit.
782 2181 861 2266 Ergo
895 2194 925 2246 ct
959 2178 1150 2246 voluntatem
1221 2247 1222 2260 ,

228 2269 377 2335 inclinare
400 2268 430 2333 in
454 2269 569 2355 aliquid
593 2290 655 2334 non
679 2283 725 2334 est
748 2269 805 2335 nisi
829 2268 895 2352 ejus
930 2270 982 2355 qui
1016 2283 1063 2334 est
1100 2290 1149 2334 ua·
1221 2321 1222 2326 1

229 2370 316 2424 turae
338 2357 550 2423 intellectualis
572 2378 673 2424 causa.
698 2359 763 2424 lloe
786 2371 889 2424 autern
911 2359 1005 2424 solius
1028 2358 1089 2424 Dei
1106 2370 1149 2424 εει

227 2445 306 2512 sicut
328 2465 366 2511 ex
402 2446 611 2532 superioribus
647 2447 704 2530 (l.
730 2447 761 2524 ᾖ,
784 2467 811 2513 c.
835 2447 915 2533 91)
952 2460 1045 2534 patet.
1082 2448 1148 2534 lpse

228 2533 321 2620 igitur
343 2533 427 2600 solus
459 2533 646 2602 voluntatem
669 2551 807 2602 nostram
842 2537 873 2602 iu
907 2535 1022 2622 aliquid
1061 2536 1148 2602 incli-

227 2643 303 2690 nare
325 2635 433 2710 potest.

198 2768 200 2772 ,
292 2711 441 2798 Amplius,
470 2711 650 2790 Violentum,
673 2725 706 2778 ut
739 2712 850 2778 dicitur
872 2713 903 2778 in
941 2713 1028 2778 tertio
1067 2713 1147 2778 Ethi-

229 2821 337 2868 corum
360 2801 404 2886 (c.
430 2801 478 2886 ⁰2),
500 2813 550 2867 εει
571 2804 656 2884 cujus
678 2803 867 2886 principium
883 2813 928 2866 ert
944 2802 1148 2867 entrinecettm

228 2893 275 2956 aii
297 2891 467 2977 uociferante
490 2892 552 2956 uim
572 2911 677 2974 passo.
701 2891 732 2956 Si
757 2892 848 2976 igitur
871 2890 1148 2956 voluntasmovca·

227 2991 277 3045 tur
299 2979 338 3045 ab
376 2980 479 3066 aliquo
517 2981 662 3044 exteriori
701 2978 864 3066 principio,
901 2981 958 3044 erit
978 2979 1148 3045 ·violentus

227 3080 339 3146 motus;
363 3067 432 3134 dico
453 3079 558 3132 autem
584 3069 700 3132 moveri
726 3068 765 3133 ab
788 3073 959 3134 extrinseco
997 3068 1147 3154 principio

227 3157 311 3241 quod
335 3168 456 3223 moveat
479 3175 534 3241 per
556 3157 687 3222 modum
710 3157 828 3240 agentis
850 3169 881 3222 et
916 3177 977 3222 nou
1000 3176 1056 3243 per
1078 3176 1148 3221 mc·

228 3244 302 3310 dum
326 3244 405 3310 finis.
430 3243 604 3312 violentum
637 3257 740 3310 autern
774 3245 946 3310 voluntario
985 3259 1145 3331 repugnat.

228 3333 418 3420 lmpossibilc
455 3347 501 3398 εει
534 3333 627 3419 igitur
665 3332 749 3420 quod
772 3333 911 3400 voluntas
934 3346 1094 3398 moveatur
1128 3354 1145 3398 a
1220 3317 1222 3384 l

228 3421 377 3507 principie
400 3423 570 3487 extrinseco
594 3425 681 3508 quasi
704 3422 743 3487 ab
774 3435 895 3507 agente,
933 3421 989 3487 scd
1022 3435 1142 3508 oportet

228 3509 311 3594 quod
335 3509 435 3574 omnis
459 3523 560 3576 motus
587 3511 750 3576 voluntatis
773 3511 813 3576 ab
830 3509 965 3578 interiori
988 3509 1143 3599 procedat.
