<?xml version="1.0" encoding="UTF-8"?>
<!DOCTYPE html PUBLIC "-//W3C//DTD XHTML 1.0 Transitional//EN"
    "http://www.w3.org/TR/xhtml1/DTD/xhtml1-transitional.dtd">
<html xmlns="http://www.w3.org/1999/xhtml" xml:lang="en" lang="en">
 <head>
  <title>
</title>
<meta http-equiv="Content-Type" content="text/html;charset=utf-8" />
  <meta name='ocr-system' content='tesseract 3.04.00' />
  <meta name='ocr-capabilities' content='ocr_page ocr_carea ocr_par ocr_line ocrx_word'/>
</head>
<body>
  <div class='ocr_page' id='page_1' title='image "./sanctithomaeaqu00thomgoog_0445.png"; bbox 0 0 2516 3968; ppageno 0'>
   <div class='ocr_carea' id='block_1_1' title="bbox 216 223 1242 3692">
    <p class='ocr_par' dir='ltr' id='par_1_1' title="bbox 216 223 1242 3692">
     <span class='ocr_line' id='line_1_1' title="bbox 218 223 842 294; baseline 0.006 -6"><span class='ocrx_word' id='word_1_1' title='bbox 218 223 285 288; x_wconf 83' lang='lat' dir='ltr'><strong>tto</strong></span> <span class='ocrx_word' id='word_1_2' title='bbox 510 246 566 292; x_wconf 81' lang='lat' dir='ltr'><strong>tn.</strong></span> <span class='ocrx_word' id='word_1_3' title='bbox 590 248 633 293; x_wconf 88' lang='lat' dir='ltr'><strong>nr.</strong></span> <span class='ocrx_word' id='word_1_4' title='bbox 656 247 720 294; x_wconf 82' lang='lat' dir='ltr'><strong>mr.</strong></span> <span class='ocrx_word' id='word_1_5' title='bbox 746 247 842 294; x_wconf 77' lang='lat' dir='ltr'><strong>cxciv.</strong></span> 
     </span>
     <span class='ocr_line' id='line_1_2' title="bbox 219 312 1143 404; baseline 0.008 -28"><span class='ocrx_word' id='word_1_6' title='bbox 219 315 320 378; x_wconf 85' lang='lat' dir='ltr'><strong>anima</strong></span> <span class='ocrx_word' id='word_1_7' title='bbox 345 312 392 380; x_wconf 88' lang='lat' dir='ltr'><strong>vel</strong></span> <span class='ocrx_word' id='word_1_8' title='bbox 416 312 561 400; x_wconf 70' lang='lat' dir='ltr'><strong>Angelus,</strong></span> <span class='ocrx_word' id='word_1_9' title='bbox 584 333 647 382; x_wconf 88' lang='lat' dir='ltr'><strong>non</strong></span> <span class='ocrx_word' id='word_1_10' title='bbox 672 331 772 404; x_wconf 77' lang='lat' dir='ltr'><strong>potest</strong></span> <span class='ocrx_word' id='word_1_11' title='bbox 794 317 905 383; x_wconf 80' lang='lat' dir='ltr'><strong>resolui</strong></span> <span class='ocrx_word' id='word_1_12' title='bbox 942 335 997 404; x_wconf 88' lang='lat' dir='ltr'><strong>per</strong></span> <span class='ocrx_word' id='word_1_13' title='bbox 1033 336 1143 383; x_wconf 90' lang='lat' dir='ltr'><strong>corru-</strong></span> 
     </span>
     <span class='ocr_line' id='line_1_3' title="bbox 218 401 1146 493; baseline 0.004 -27"><span class='ocrx_word' id='word_1_14' title='bbox 218 401 356 488; x_wconf 89' lang='lat' dir='ltr'><strong>ptionem</strong></span> <span class='ocrx_word' id='word_1_15' title='bbox 394 404 426 468; x_wconf 92' lang='lat' dir='ltr'><strong>in</strong></span> <span class='ocrx_word' id='word_1_16' title='bbox 460 405 597 490; x_wconf 82' lang='lat' dir='ltr'><strong>eliquam</strong></span> <span class='ocrx_word' id='word_1_17' title='bbox 638 405 865 493; x_wconf 75' lang='lat' dir='ltr'><strong>praejacentem</strong></span> <span class='ocrx_word' id='word_1_18' title='bbox 901 405 1075 483; x_wconf 75' lang='lat' dir='ltr'><strong>materiam,</strong></span> <span class='ocrx_word' id='word_1_19' title='bbox 1112 417 1146 470; x_wconf 90' lang='lat' dir='ltr'><strong>ut</strong></span> 
     </span>
     <span class='ocr_line' id='line_1_4' title="bbox 218 489 1146 582; baseline 0.006 -28"><span class='ocrx_word' id='word_1_20' title='bbox 218 489 331 556; x_wconf 89' lang='lat' dir='ltr'><strong>iterum</strong></span> <span class='ocrx_word' id='word_1_21' title='bbox 351 506 518 576; x_wconf 77' lang='lat' dir='ltr'><strong>generetur</strong></span> <span class='ocrx_word' id='word_1_22' title='bbox 543 493 618 560; x_wconf 91' lang='lat' dir='ltr'><strong>illud</strong></span> <span class='ocrx_word' id='word_1_23' title='bbox 643 494 725 559; x_wconf 92' lang='lat' dir='ltr'><strong>idem</strong></span> <span class='ocrx_word' id='word_1_24' title='bbox 749 495 861 581; x_wconf 87' lang='lat' dir='ltr'><strong>specie.</strong></span> <span class='ocrx_word' id='word_1_25' title='bbox 888 493 920 560; x_wconf 91' lang='lat' dir='ltr'><strong>Si</strong></span> <span class='ocrx_word' id='word_1_26' title='bbox 957 495 1049 580; x_wconf 73' lang='lat' dir='ltr'><strong>igitur</strong></span> <span class='ocrx_word' id='word_1_27' title='bbox 1083 495 1146 582; x_wconf 93' lang='lat' dir='ltr'><strong>pri·</strong></span> 
     </span>
     <span class='ocr_line' id='line_1_5' title="bbox 218 581 1239 670; baseline 0.005 -27"><span class='ocrx_word' id='word_1_28' title='bbox 218 594 307 644; x_wconf 84' lang='lat' dir='ltr'><strong>vetur</strong></span> <span class='ocrx_word' id='word_1_29' title='bbox 329 600 366 645; x_wconf 89' lang='lat' dir='ltr'><strong>eo</strong></span> <span class='ocrx_word' id='word_1_30' title='bbox 391 581 475 667; x_wconf 89' lang='lat' dir='ltr'><strong>quod</strong></span> <span class='ocrx_word' id='word_1_31' title='bbox 499 595 545 647; x_wconf 84' lang='lat' dir='ltr'><strong>eet</strong></span> <span class='ocrx_word' id='word_1_32' title='bbox 567 583 598 647; x_wconf 89' lang='lat' dir='ltr'><strong>in</strong></span> <span class='ocrx_word' id='word_1_33' title='bbox 624 597 732 648; x_wconf 84' lang='lat' dir='ltr'><strong>natura</strong></span> <span class='ocrx_word' id='word_1_34' title='bbox 756 583 896 669; x_wconf 88' lang='lat' dir='ltr'><strong>ipsiusut</strong></span> <span class='ocrx_word' id='word_1_35' title='bbox 920 584 1146 670; x_wconf 70' lang='lat' dir='ltr'><strong>babectopor·</strong></span> <span class='ocrx_word' id='word_1_36' title='bbox 1238 651 1239 658; x_wconf 7' lang='grc' dir='ltr'>χ</span> 
     </span>
     <span class='ocr_line' id='line_1_6' title="bbox 218 669 1146 759; baseline 0.004 -28"><span class='ocrx_word' id='word_1_37' title='bbox 218 680 260 732; x_wconf 87' lang='lat' dir='ltr'><strong>ret</strong></span> <span class='ocrx_word' id='word_1_38' title='bbox 282 669 366 753; x_wconf 87' lang='lat' dir='ltr'><strong>quod</strong></span> <span class='ocrx_word' id='word_1_39' title='bbox 390 670 421 734; x_wconf 92' lang='lat' dir='ltr'><strong>iu</strong></span> <span class='ocrx_word' id='word_1_40' title='bbox 445 681 629 757; x_wconf 86' lang='lat' dir='ltr'><strong>perpetuum</strong></span> <span class='ocrx_word' id='word_1_41' title='bbox 653 683 777 736; x_wconf 78' lang='lat' dir='ltr'><strong>monent</strong></span> <span class='ocrx_word' id='word_1_42' title='bbox 810 671 878 737; x_wconf 85' lang='lat' dir='ltr'><strong>telis</strong></span> <span class='ocrx_word' id='word_1_43' title='bbox 916 673 1057 759; x_wconf 85' lang='lat' dir='ltr'><strong>privatio.</strong></span> <span class='ocrx_word' id='word_1_44' title='bbox 1095 671 1146 736; x_wconf 85' lang='lat' dir='ltr'><strong>Est</strong></span> 
     </span>
     <span class='ocr_line' id='line_1_7' title="bbox 216 759 1239 844; baseline 0.007 -24"><span class='ocrx_word' id='word_1_45' title='bbox 216 769 320 822; x_wconf 85' lang='lat' dir='ltr'><strong>autem</strong></span> <span class='ocrx_word' id='word_1_46' title='bbox 344 759 376 822; x_wconf 91' lang='lat' dir='ltr'><strong>in</strong></span> <span class='ocrx_word' id='word_1_47' title='bbox 403 773 512 824; x_wconf 83' lang='lat' dir='ltr'><strong>natura</strong></span> <span class='ocrx_word' id='word_1_48' title='bbox 536 760 659 824; x_wconf 88' lang='lat' dir='ltr'><strong>animae</strong></span> <span class='ocrx_word' id='word_1_49' title='bbox 682 774 713 825; x_wconf 90' lang='lat' dir='ltr'><strong>et</strong></span> <span class='ocrx_word' id='word_1_50' title='bbox 735 761 843 844; x_wconf 78' lang='lat' dir='ltr'><strong>bogeli</strong></span> <span class='ocrx_word' id='word_1_51' title='bbox 857 761 935 826; x_wconf 92' lang='lat' dir='ltr'><strong>ordo</strong></span> <span class='ocrx_word' id='word_1_52' title='bbox 947 760 987 826; x_wconf 88' lang='lat' dir='ltr'><strong>ad</strong></span> <span class='ocrx_word' id='word_1_53' title='bbox 1000 762 1145 826; x_wconf 88' lang='lat' dir='ltr'><strong>ultimum</strong></span> <span class='ocrx_word' id='word_1_54' title='bbox 1238 763 1239 772; x_wconf 77' lang='grc'>’</span> 
     </span>
     <span class='ocr_line' id='line_1_8' title="bbox 217 843 1146 934; baseline 0.004 -25"><span class='ocrx_word' id='word_1_55' title='bbox 217 843 324 928; x_wconf 82' lang='lat' dir='ltr'><strong>finem,</strong></span> <span class='ocrx_word' id='word_1_56' title='bbox 346 847 399 932; x_wconf 88' lang='lat' dir='ltr'><strong>qui</strong></span> <span class='ocrx_word' id='word_1_57' title='bbox 421 861 470 913; x_wconf 84' lang='lat' dir='ltr'><strong>eet</strong></span> <span class='ocrx_word' id='word_1_58' title='bbox 493 847 588 914; x_wconf 80' lang='lat' dir='ltr'><strong>Deus.</strong></span> <span class='ocrx_word' id='word_1_59' title='bbox 613 847 645 913; x_wconf 83' lang='lat' dir='ltr'><strong>st</strong></span> <span class='ocrx_word' id='word_1_60' title='bbox 668 869 746 934; x_wconf 76' lang='lat' dir='ltr'><strong>ergo</strong></span> <span class='ocrx_word' id='word_1_61' title='bbox 782 849 822 915; x_wconf 86' lang='lat' dir='ltr'><strong>ab</strong></span> <span class='ocrx_word' id='word_1_62' title='bbox 848 851 906 915; x_wconf 86' lang='lat' dir='ltr'><strong>lroo</strong></span> <span class='ocrx_word' id='word_1_63' title='bbox 945 850 1057 915; x_wconf 81' lang='lat' dir='ltr'><strong>ordine</strong></span> <span class='ocrx_word' id='word_1_64' title='bbox 1092 849 1146 914; x_wconf 92' lang='lat' dir='ltr'><strong>de-</strong></span> 
     </span>
     <span class='ocr_line' id='line_1_9' title="bbox 217 933 1147 1089; baseline 0.005 -92"><span class='ocrx_word' id='word_1_65' title='bbox 217 933 297 998; x_wconf 88' lang='lat' dir='ltr'><strong>cidet</strong></span> <span class='ocrx_word' id='word_1_66' title='bbox 312 955 375 1089; x_wconf 76' lang='lat' dir='ltr'><strong>per</strong></span> <span class='ocrx_word' id='word_1_67' title='bbox 398 935 533 1022; x_wconf 89' lang='lat' dir='ltr'><strong>aliquam</strong></span> <span class='ocrx_word' id='word_1_68' title='bbox 558 957 702 1024; x_wconf 87' lang='lat' dir='ltr'><strong>poenum,</strong></span> <span class='ocrx_word' id='word_1_69' title='bbox 716 940 746 1004; x_wconf 91' lang='lat' dir='ltr'><strong>io</strong></span> <span class='ocrx_word' id='word_1_70' title='bbox 762 953 949 1026; x_wconf 90' lang='lat' dir='ltr'><strong>perpetuum</strong></span> <span class='ocrx_word' id='word_1_71' title='bbox 966 938 1035 1004; x_wconf 86' lang='lat' dir='ltr'><strong>talis</strong></span> <span class='ocrx_word' id='word_1_72' title='bbox 1047 958 1147 1025; x_wconf 89' lang='lat' dir='ltr'><strong>poena</strong></span> 
     </span>
     <span class='ocr_line' id='line_1_10' title="bbox 217 1025 508 1088; baseline 0.014 -2"><span class='ocrx_word' id='word_1_73' title='bbox 217 1043 309 1088; x_wconf 86' lang='lat' dir='ltr'><strong>mane</strong></span> <span class='ocrx_word' id='word_1_74' title='bbox 334 1025 365 1088; x_wconf 90' lang='lat' dir='ltr'><strong>it.</strong></span> <span class='ocrx_word' id='word_1_75' title='bbox 507 1071 508 1076; x_wconf 18' lang='grc' dir='ltr'><strong>κ</strong></span> 
     </span>
     <span class='ocr_line' id='line_1_11' title="bbox 285 1112 1148 1203; baseline 0.002 -27"><span class='ocrx_word' id='word_1_76' title='bbox 285 1113 371 1191; x_wconf 83' lang='lat' dir='ltr'><strong>bem,</strong></span> <span class='ocrx_word' id='word_1_77' title='bbox 393 1112 546 1180; x_wconf 78' lang='lat' dir='ltr'><strong>Naturalia</strong></span> <span class='ocrx_word' id='word_1_78' title='bbox 569 1114 707 1200; x_wconf 83' lang='lat' dir='ltr'><strong>aequitas</strong></span> <span class='ocrx_word' id='word_1_79' title='bbox 723 1112 784 1181; x_wconf 91' lang='lat' dir='ltr'><strong>boc</strong></span> <span class='ocrx_word' id='word_1_80' title='bbox 798 1114 914 1182; x_wconf 88' lang='lat' dir='ltr'><strong>babere</strong></span> <span class='ocrx_word' id='word_1_81' title='bbox 925 1114 1048 1181; x_wconf 84' lang='lat' dir='ltr'><strong>uidetur</strong></span> <span class='ocrx_word' id='word_1_82' title='bbox 1063 1113 1148 1203; x_wconf 91' lang='lat' dir='ltr'><strong>quod</strong></span> 
     </span>
     <span class='ocr_line' id='line_1_12' title="bbox 217 1203 1150 1291; baseline 0.004 -27"><span class='ocrx_word' id='word_1_83' title='bbox 217 1203 429 1289; x_wconf 86' lang='lat' dir='ltr'><strong>unusquisque</strong></span> <span class='ocrx_word' id='word_1_84' title='bbox 452 1204 589 1288; x_wconf 75' lang='lat' dir='ltr'><strong>privetur</strong></span> <span class='ocrx_word' id='word_1_85' title='bbox 613 1204 705 1270; x_wconf 32' lang='lat' dir='ltr'><strong>*bono</strong></span> <span class='ocrx_word' id='word_1_86' title='bbox 738 1217 844 1270; x_wconf 84' lang='lat' dir='ltr'><strong>contra</strong></span> <span class='ocrx_word' id='word_1_87' title='bbox 877 1205 962 1291; x_wconf 84' lang='lat' dir='ltr'><strong>quod</strong></span> <span class='ocrx_word' id='word_1_88' title='bbox 1000 1207 1074 1290; x_wconf 69' lang='lat' dir='ltr'><strong>agie</strong></span> <span class='ocrx_word' id='word_1_89' title='bbox 1111 1222 1150 1268; x_wconf 85' lang='lat' dir='ltr'><strong>ex</strong></span> 
     </span>
     <span class='ocr_line' id='line_1_13' title="bbox 217 1289 1150 1377; baseline 0.003 -25"><span class='ocrx_word' id='word_1_90' title='bbox 217 1289 382 1356; x_wconf 85' lang='lat' dir='ltr'><strong>lroeeuim</strong></span> <span class='ocrx_word' id='word_1_91' title='bbox 406 1291 565 1358; x_wconf 82' lang='lat' dir='ltr'><strong>redditae</strong></span> <span class='ocrx_word' id='word_1_92' title='bbox 588 1293 640 1357; x_wconf 82' lang='lat' dir='ltr'><strong>teli</strong></span> <span class='ocrx_word' id='word_1_93' title='bbox 680 1295 764 1360; x_wconf 92' lang='lat' dir='ltr'><strong>bono</strong></span> <span class='ocrx_word' id='word_1_94' title='bbox 801 1294 974 1377; x_wconf 77' lang='lat' dir='ltr'><strong>iudignum:</strong></span> <span class='ocrx_word' id='word_1_95' title='bbox 1008 1306 1039 1358; x_wconf 90' lang='lat' dir='ltr'><strong>et</strong></span> <span class='ocrx_word' id='word_1_96' title='bbox 1076 1292 1150 1357; x_wconf 89' lang='lat' dir='ltr'><strong>inde</strong></span> 
     </span>
     <span class='ocr_line' id='line_1_14' title="bbox 216 1380 1152 1469; baseline 0.002 -26"><span class='ocrx_word' id='word_1_97' title='bbox 216 1393 262 1444; x_wconf 85' lang='lat' dir='ltr'><strong>est</strong></span> <span class='ocrx_word' id='word_1_98' title='bbox 285 1380 380 1466; x_wconf 87' lang='lat' dir='ltr'><strong>quud,</strong></span> <span class='ocrx_word' id='word_1_99' title='bbox 400 1381 573 1447; x_wconf 85' lang='lat' dir='ltr'><strong>secundum</strong></span> <span class='ocrx_word' id='word_1_100' title='bbox 606 1382 729 1448; x_wconf 83' lang='lat' dir='ltr'><strong>ciuilem</strong></span> <span class='ocrx_word' id='word_1_101' title='bbox 760 1381 921 1467; x_wconf 81' lang='lat' dir='ltr'><strong>justitium,</strong></span> <span class='ocrx_word' id='word_1_102' title='bbox 955 1382 1007 1469; x_wconf 86' lang='lat' dir='ltr'><strong>qul</strong></span> <span class='ocrx_word' id='word_1_103' title='bbox 1042 1395 1152 1448; x_wconf 86' lang='lat' dir='ltr'><strong>eontra</strong></span> 
     </span>
     <span class='ocr_line' id='line_1_15' title="bbox 216 1469 1153 1559; baseline 0.002 -27"><span class='ocrx_word' id='word_1_104' title='bbox 216 1469 439 1555; x_wconf 74' lang='lat' dir='ltr'><strong>rempublicam</strong></span> <span class='ocrx_word' id='word_1_105' title='bbox 462 1483 568 1556; x_wconf 87' lang='lat' dir='ltr'><strong>peccat</strong></span> <span class='ocrx_word' id='word_1_106' title='bbox 604 1472 750 1537; x_wconf 79' lang='lat' dir='ltr'><strong>societate</strong></span> <span class='ocrx_word' id='word_1_107' title='bbox 788 1471 975 1559; x_wconf 86' lang='lat' dir='ltr'><strong>reipublicae</strong></span> <span class='ocrx_word' id='word_1_108' title='bbox 1012 1472 1153 1558; x_wconf 86' lang='lat' dir='ltr'><strong>privetur</strong></span> 
     </span>
     <span class='ocr_line' id='line_1_16' title="bbox 217 1559 1152 1647; baseline 0.003 -26"><span class='ocrx_word' id='word_1_109' title='bbox 217 1559 356 1634; x_wconf 88' lang='lat' dir='ltr'><strong>omnino,</strong></span> <span class='ocrx_word' id='word_1_110' title='bbox 390 1559 438 1624; x_wconf 86' lang='lat' dir='ltr'><strong>uel</strong></span> <span class='ocrx_word' id='word_1_111' title='bbox 461 1579 517 1644; x_wconf 89' lang='lat' dir='ltr'><strong>per</strong></span> <span class='ocrx_word' id='word_1_112' title='bbox 540 1573 671 1624; x_wconf 90' lang='lat' dir='ltr'><strong>mortem</strong></span> <span class='ocrx_word' id='word_1_113' title='bbox 711 1559 759 1625; x_wconf 83' lang='lat' dir='ltr'><strong>uel</strong></span> <span class='ocrx_word' id='word_1_114' title='bbox 794 1579 849 1647; x_wconf 87' lang='lat' dir='ltr'><strong>per</strong></span> <span class='ocrx_word' id='word_1_115' title='bbox 885 1560 1010 1626; x_wconf 84' lang='lat' dir='ltr'><strong>erilium</strong></span> <span class='ocrx_word' id='word_1_116' title='bbox 1040 1579 1152 1647; x_wconf 75' lang='lat' dir='ltr'><strong>perpe</strong></span> 
     </span>
     <span class='ocr_line' id='line_1_17' title="bbox 218 1645 1153 1735; baseline 0.004 -26"><span class='ocrx_word' id='word_1_117' title='bbox 218 1661 317 1724; x_wconf 81' lang='lat' dir='ltr'><strong>ruum3</strong></span> <span class='ocrx_word' id='word_1_118' title='bbox 339 1669 398 1714; x_wconf 87' lang='lat' dir='ltr'><strong>uec</strong></span> <span class='ocrx_word' id='word_1_119' title='bbox 434 1647 606 1714; x_wconf 84' lang='lat' dir='ltr'><strong>attenditur</strong></span> <span class='ocrx_word' id='word_1_120' title='bbox 623 1662 754 1734; x_wconf 44' lang='lat' dir='ltr'><strong>,quanto</strong></span> <span class='ocrx_word' id='word_1_121' title='bbox 781 1645 870 1715; x_wconf 86' lang='lat' dir='ltr'><strong>luerit</strong></span> <span class='ocrx_word' id='word_1_122' title='bbox 893 1667 980 1715; x_wconf 84' lang='lat' dir='ltr'><strong>more</strong></span> <span class='ocrx_word' id='word_1_123' title='bbox 1003 1648 1153 1735; x_wconf 87' lang='lat' dir='ltr'><strong>temporis</strong></span> 
     </span>
     <span class='ocr_line' id='line_1_18' title="bbox 217 1735 1153 1825; baseline 0.002 -26"><span class='ocrx_word' id='word_1_124' title='bbox 217 1735 248 1799; x_wconf 92' lang='lat' dir='ltr'><strong>in</strong></span> <span class='ocrx_word' id='word_1_125' title='bbox 284 1737 465 1822; x_wconf 87' lang='lat' dir='ltr'><strong>peccando,</strong></span> <span class='ocrx_word' id='word_1_126' title='bbox 503 1737 558 1802; x_wconf 83' lang='lat' dir='ltr'><strong>ced</strong></span> <span class='ocrx_word' id='word_1_127' title='bbox 582 1737 657 1823; x_wconf 89' lang='lat' dir='ltr'><strong>quid</strong></span> <span class='ocrx_word' id='word_1_128' title='bbox 694 1738 733 1804; x_wconf 83' lang='lat' dir='ltr'><strong>eit</strong></span> <span class='ocrx_word' id='word_1_129' title='bbox 770 1751 876 1806; x_wconf 83' lang='lat' dir='ltr'><strong>contra</strong></span> <span class='ocrx_word' id='word_1_130' title='bbox 898 1738 983 1825; x_wconf 84' lang='lat' dir='ltr'><strong>quod</strong></span> <span class='ocrx_word' id='word_1_131' title='bbox 1005 1737 1153 1824; x_wconf 84' lang='lat' dir='ltr'><strong>peccarit.</strong></span> 
     </span>
     <span class='ocr_line' id='line_1_19' title="bbox 216 1825 1153 1914; baseline 0.001 -23"><span class='ocrx_word' id='word_1_132' title='bbox 216 1825 331 1893; x_wconf 89' lang='lat' dir='ltr'><strong>Eadem</strong></span> <span class='ocrx_word' id='word_1_133' title='bbox 355 1841 458 1891; x_wconf 83' lang='lat' dir='ltr'><strong>autem</strong></span> <span class='ocrx_word' id='word_1_134' title='bbox 482 1838 529 1891; x_wconf 85' lang='lat' dir='ltr'><strong>eet</strong></span> <span class='ocrx_word' id='word_1_135' title='bbox 551 1827 741 1914; x_wconf 89' lang='lat' dir='ltr'><strong>comparatio</strong></span> <span class='ocrx_word' id='word_1_136' title='bbox 764 1829 856 1894; x_wconf 87' lang='lat' dir='ltr'><strong>totius</strong></span> <span class='ocrx_word' id='word_1_137' title='bbox 879 1828 959 1894; x_wconf 76' lang='lat' dir='ltr'><strong>vitae</strong></span> <span class='ocrx_word' id='word_1_138' title='bbox 981 1828 1153 1914; x_wconf 80' lang='lat' dir='ltr'><strong>praesentis</strong></span> 
     </span>
     <span class='ocr_line' id='line_1_20' title="bbox 217 1911 1242 2001; baseline 0.002 -21"><span class='ocrx_word' id='word_1_139' title='bbox 217 1915 255 1980; x_wconf 88' lang='lat' dir='ltr'><strong>ad</strong></span> <span class='ocrx_word' id='word_1_140' title='bbox 281 1914 504 2001; x_wconf 84' lang='lat' dir='ltr'><strong>rempublicam</strong></span> <span class='ocrx_word' id='word_1_141' title='bbox 527 1927 681 1980; x_wconf 85' lang='lat' dir='ltr'><strong>terrenum</strong></span> <span class='ocrx_word' id='word_1_142' title='bbox 704 1930 734 1982; x_wconf 90' lang='lat' dir='ltr'><strong>et</strong></span> <span class='ocrx_word' id='word_1_143' title='bbox 762 1917 855 1982; x_wconf 85' lang='lat' dir='ltr'><strong>totius</strong></span> <span class='ocrx_word' id='word_1_144' title='bbox 888 1915 1075 1982; x_wconf 83' lang='lat' dir='ltr'><strong>aeternitatis</strong></span> <span class='ocrx_word' id='word_1_145' title='bbox 1114 1911 1153 1980; x_wconf 88' lang='lat' dir='ltr'><strong>ad</strong></span> <span class='ocrx_word' id='word_1_146' title='bbox 1241 1979 1242 1982; x_wconf 74' lang='grc'>,</span> 
     </span>
     <span class='ocr_line' id='line_1_21' title="bbox 216 2003 1151 2096; baseline 0.002 -28"><span class='ocrx_word' id='word_1_147' title='bbox 216 2005 393 2068; x_wconf 86' lang='lat' dir='ltr'><strong>societatem</strong></span> <span class='ocrx_word' id='word_1_148' title='bbox 416 2003 589 2079; x_wconf 78' lang='lat' dir='ltr'><strong>beatorum,</strong></span> <span class='ocrx_word' id='word_1_149' title='bbox 605 2005 713 2090; x_wconf 69' lang='lat' dir='ltr'><strong>quint</strong></span> <span class='ocrx_word' id='word_1_150' title='bbox 735 2025 827 2091; x_wconf 81' lang='lat' dir='ltr'><strong>cupro</strong></span> <span class='ocrx_word' id='word_1_151' title='bbox 851 2011 865 2096; x_wconf 69' lang='grc' dir='ltr'>ζ</span> <span class='ocrx_word' id='word_1_152' title='bbox 883 2027 910 2071; x_wconf 90' lang='lat' dir='ltr'><strong>c.</strong></span> <span class='ocrx_word' id='word_1_153' title='bbox 942 2005 1009 2090; x_wconf 65' lang='lat'><strong>62)</strong></span> <span class='ocrx_word' id='word_1_154' title='bbox 1046 2017 1151 2071; x_wconf 84' lang='lat' dir='ltr'><strong>oeteo-</strong></span> 
     </span>
     <span class='ocr_line' id='line_1_22' title="bbox 216 2089 1153 2182; baseline -0.001 -24"><span class='ocrx_word' id='word_1_155' title='bbox 216 2113 288 2158; x_wconf 86' lang='lat' dir='ltr'><strong>sum</strong></span> <span class='ocrx_word' id='word_1_156' title='bbox 308 2107 366 2171; x_wconf 84' lang='lat' dir='ltr'><strong>est,</strong></span> <span class='ocrx_word' id='word_1_157' title='bbox 403 2091 513 2157; x_wconf 92' lang='lat' dir='ltr'><strong>ultimo</strong></span> <span class='ocrx_word' id='word_1_158' title='bbox 552 2092 613 2158; x_wconf 86' lang='lat' dir='ltr'><strong>fine</strong></span> <span class='ocrx_word' id='word_1_159' title='bbox 651 2089 847 2160; x_wconf 79' lang='lat' dir='ltr'><strong>aeternaliter</strong></span> <span class='ocrx_word' id='word_1_160' title='bbox 884 2095 1052 2182; x_wconf 89' lang='lat' dir='ltr'><strong>potiuntur.</strong></span> <span class='ocrx_word' id='word_1_161' title='bbox 1092 2093 1153 2175; x_wconf 83' lang='lat' dir='ltr'><strong>Qui</strong></span> 
     </span>
     <span class='ocr_line' id='line_1_23' title="bbox 217 2181 1154 2271; baseline 0.001 -24"><span class='ocrx_word' id='word_1_162' title='bbox 217 2202 292 2267; x_wconf 75' lang='lat' dir='ltr'><strong>ergo</strong></span> <span class='ocrx_word' id='word_1_163' title='bbox 315 2193 421 2247; x_wconf 85' lang='lat' dir='ltr'><strong>contre</strong></span> <span class='ocrx_word' id='word_1_164' title='bbox 445 2181 587 2247; x_wconf 90' lang='lat' dir='ltr'><strong>ultimum</strong></span> <span class='ocrx_word' id='word_1_165' title='bbox 613 2182 707 2248; x_wconf 88' lang='lat' dir='ltr'><strong>tinem</strong></span> <span class='ocrx_word' id='word_1_166' title='bbox 737 2197 845 2271; x_wconf 90' lang='lat' dir='ltr'><strong>peccat</strong></span> <span class='ocrx_word' id='word_1_167' title='bbox 867 2197 898 2248; x_wconf 88' lang='lat' dir='ltr'><strong>et</strong></span> <span class='ocrx_word' id='word_1_168' title='bbox 935 2199 1042 2250; x_wconf 87' lang='lat' dir='ltr'><strong>contra</strong></span> <span class='ocrx_word' id='word_1_169' title='bbox 1079 2183 1154 2248; x_wconf 88' lang='lat' dir='ltr'><strong>cbe-</strong></span> 
     </span>
     <span class='ocr_line' id='line_1_24' title="bbox 217 2271 1154 2358; baseline 0 -22"><span class='ocrx_word' id='word_1_170' title='bbox 217 2272 351 2346; x_wconf 86' lang='lat' dir='ltr'><strong>ritatem‚</strong></span> <span class='ocrx_word' id='word_1_171' title='bbox 375 2289 430 2358; x_wconf 86' lang='lat' dir='ltr'><strong>per</strong></span> <span class='ocrx_word' id='word_1_172' title='bbox 452 2291 547 2357; x_wconf 82' lang='lat' dir='ltr'><strong>quom</strong></span> <span class='ocrx_word' id='word_1_173' title='bbox 570 2283 617 2336; x_wconf 86' lang='lat' dir='ltr'><strong>est</strong></span> <span class='ocrx_word' id='word_1_174' title='bbox 639 2273 769 2338; x_wconf 78' lang='lat' dir='ltr'><strong>societas</strong></span> <span class='ocrx_word' id='word_1_175' title='bbox 792 2273 955 2338; x_wconf 85' lang='lat' dir='ltr'><strong>beatorum</strong></span> <span class='ocrx_word' id='word_1_176' title='bbox 979 2286 1009 2338; x_wconf 90' lang='lat' dir='ltr'><strong>et</strong></span> <span class='ocrx_word' id='word_1_177' title='bbox 1025 2271 1154 2338; x_wconf 88' lang='lat' dir='ltr'><strong>tenden-</strong></span> 
     </span>
     <span class='ocr_line' id='line_1_25' title="bbox 218 2359 1156 2450; baseline 0 -26"><span class='ocrx_word' id='word_1_178' title='bbox 218 2361 295 2425; x_wconf 86' lang='lat' dir='ltr'><strong>tium</strong></span> <span class='ocrx_word' id='word_1_179' title='bbox 319 2361 350 2424; x_wconf 90' lang='lat' dir='ltr'><strong>in</strong></span> <span class='ocrx_word' id='word_1_180' title='bbox 374 2359 608 2438; x_wconf 82' lang='lat' dir='ltr'><strong>beatitudiuem,</strong></span> <span class='ocrx_word' id='word_1_181' title='bbox 645 2361 676 2426; x_wconf 96' lang='lat' dir='ltr'><strong>in</strong></span> <span class='ocrx_word' id='word_1_182' title='bbox 715 2374 877 2427; x_wconf 85' lang='lat' dir='ltr'><strong>aeternum</strong></span> <span class='ocrx_word' id='word_1_183' title='bbox 912 2361 1004 2427; x_wconf 90' lang='lat' dir='ltr'><strong>debet</strong></span> <span class='ocrx_word' id='word_1_184' title='bbox 1041 2359 1156 2450; x_wconf 87' lang='lat' dir='ltr'><strong>puniri,</strong></span> 
     </span>
     <span class='ocr_line' id='line_1_26' title="bbox 219 2449 1087 2538; baseline 0.002 -25"><span class='ocrx_word' id='word_1_185' title='bbox 219 2449 358 2535; x_wconf 79' lang='lat' dir='ltr'><strong>quamvis</strong></span> <span class='ocrx_word' id='word_1_186' title='bbox 382 2449 485 2536; x_wconf 86' lang='lat' dir='ltr'><strong>alique</strong></span> <span class='ocrx_word' id='word_1_187' title='bbox 508 2449 594 2514; x_wconf 85' lang='lat' dir='ltr'><strong>brevi</strong></span> <span class='ocrx_word' id='word_1_188' title='bbox 618 2452 765 2536; x_wconf 83' lang='lat' dir='ltr'><strong>temporie</strong></span> <span class='ocrx_word' id='word_1_189' title='bbox 789 2471 876 2516; x_wconf 84' lang='lat' dir='ltr'><strong>mora</strong></span> <span class='ocrx_word' id='word_1_190' title='bbox 906 2449 1087 2538; x_wconf 74' lang='lat' dir='ltr'><strong>peccauerit.</strong></span> 
     </span>
     <span class='ocr_line' id='line_1_27' title="bbox 285 2536 1155 2626; baseline 0 -25"><span class='ocrx_word' id='word_1_191' title='bbox 285 2536 460 2616; x_wconf 80' lang='lat' dir='ltr'><strong>Praeterea,</strong></span> <span class='ocrx_word' id='word_1_192' title='bbox 484 2537 572 2624; x_wconf 83' lang='lat' dir='ltr'><strong>Apud</strong></span> <span class='ocrx_word' id='word_1_193' title='bbox 596 2537 735 2604; x_wconf 88' lang='lat' dir='ltr'><strong>divinum</strong></span> <span class='ocrx_word' id='word_1_194' title='bbox 756 2537 910 2625; x_wconf 83' lang='lat' dir='ltr'><strong>judicium</strong></span> <span class='ocrx_word' id='word_1_195' title='bbox 933 2538 1074 2604; x_wconf 84' lang='lat' dir='ltr'><strong>voluntas</strong></span> <span class='ocrx_word' id='word_1_196' title='bbox 1098 2555 1155 2626; x_wconf 90' lang='lat' dir='ltr'><strong>pro</strong></span> 
     </span>
     <span class='ocr_line' id='line_1_28' title="bbox 220 2624 1156 2713; baseline 0.001 -23"><span class='ocrx_word' id='word_1_197' title='bbox 220 2624 302 2692; x_wconf 84' lang='lat' dir='ltr'><strong>lecto</strong></span> <span class='ocrx_word' id='word_1_198' title='bbox 324 2640 530 2713; x_wconf 66' lang='lat' dir='ltr'><strong>computatum</strong></span> <span class='ocrx_word' id='word_1_199' title='bbox 567 2628 650 2712; x_wconf 88' lang='lat' dir='ltr'><strong>quin,</strong></span> <span class='ocrx_word' id='word_1_200' title='bbox 684 2627 762 2692; x_wconf 82' lang='lat' dir='ltr'><strong>sicut</strong></span> <span class='ocrx_word' id='word_1_201' title='bbox 796 2629 938 2694; x_wconf 86' lang='lat' dir='ltr'><strong>homines</strong></span> <span class='ocrx_word' id='word_1_202' title='bbox 976 2627 1081 2692; x_wconf 85' lang='lat' dir='ltr'><strong>uident</strong></span> <span class='ocrx_word' id='word_1_203' title='bbox 1119 2645 1156 2692; x_wconf 89' lang='lat' dir='ltr'><strong>ea</strong></span> 
     </span>
     <span class='ocr_line' id='line_1_29' title="bbox 218 2716 1156 2805; baseline 0.001 -26"><span class='ocrx_word' id='word_1_204' title='bbox 218 2735 299 2801; x_wconf 83' lang='lat' dir='ltr'><strong>quae</strong></span> <span class='ocrx_word' id='word_1_205' title='bbox 322 2716 455 2784; x_wconf 76' lang='lat' dir='ltr'><strong>exterius</strong></span> <span class='ocrx_word' id='word_1_206' title='bbox 477 2728 623 2801; x_wconf 76' lang='lat' dir='ltr'><strong>aguntur,</strong></span> <span class='ocrx_word' id='word_1_207' title='bbox 646 2718 687 2782; x_wconf 88' lang='lat' dir='ltr'><strong>ita</strong></span> <span class='ocrx_word' id='word_1_208' title='bbox 711 2717 796 2782; x_wconf 79' lang='lat' dir='ltr'><strong>Dens</strong></span> <span class='ocrx_word' id='word_1_209' title='bbox 833 2717 957 2805; x_wconf 82' lang='lat' dir='ltr'><strong>inspicit</strong></span> <span class='ocrx_word' id='word_1_210' title='bbox 991 2717 1156 2782; x_wconf 89' lang='lat' dir='ltr'><strong>bominum</strong></span> 
     </span>
     <span class='ocr_line' id='line_1_30' title="bbox 219 2804 1157 2894; baseline -0.001 -24"><span class='ocrx_word' id='word_1_211' title='bbox 219 2804 323 2871; x_wconf 87' lang='lat' dir='ltr'><strong>corda.</strong></span> <span class='ocrx_word' id='word_1_212' title='bbox 347 2805 407 2888; x_wconf 77' lang='lat' dir='ltr'><strong>Qui</strong></span> <span class='ocrx_word' id='word_1_213' title='bbox 431 2818 534 2870; x_wconf 85' lang='lat' dir='ltr'><strong>autem</strong></span> <span class='ocrx_word' id='word_1_214' title='bbox 574 2819 699 2893; x_wconf 84' lang='lat' dir='ltr'><strong>propter</strong></span> <span class='ocrx_word' id='word_1_215' title='bbox 736 2806 861 2893; x_wconf 85' lang='lat' dir='ltr'><strong>aliquod</strong></span> <span class='ocrx_word' id='word_1_216' title='bbox 897 2805 1068 2894; x_wconf 84' lang='lat' dir='ltr'><strong>temporale</strong></span> <span class='ocrx_word' id='word_1_217' title='bbox 1102 2805 1157 2870; x_wconf 93' lang='lat' dir='ltr'><strong>bo·</strong></span> 
     </span>
     <span class='ocr_line' id='line_1_31' title="bbox 219 2891 1157 2982; baseline -0.002 -24"><span class='ocrx_word' id='word_1_218' title='bbox 219 2913 295 2959; x_wconf 95' lang='lat' dir='ltr'><strong>uum</strong></span> <span class='ocrx_word' id='word_1_219' title='bbox 320 2913 447 2960; x_wconf 80' lang='lat' dir='ltr'><strong>erereue</strong></span> <span class='ocrx_word' id='word_1_220' title='bbox 468 2908 514 2960; x_wconf 87' lang='lat' dir='ltr'><strong>est</strong></span> <span class='ocrx_word' id='word_1_221' title='bbox 537 2893 576 2960; x_wconf 89' lang='lat' dir='ltr'><strong>ub</strong></span> <span class='ocrx_word' id='word_1_222' title='bbox 600 2891 708 2960; x_wconf 83' lang='lat' dir='ltr'><strong>ultimo</strong></span> <span class='ocrx_word' id='word_1_223' title='bbox 731 2893 804 2970; x_wconf 82' lang='lat' dir='ltr'><strong>fine,</strong></span> <span class='ocrx_word' id='word_1_224' title='bbox 835 2895 887 2982; x_wconf 88' lang='lat' dir='ltr'><strong>qul</strong></span> <span class='ocrx_word' id='word_1_225' title='bbox 922 2896 954 2960; x_wconf 90' lang='lat' dir='ltr'><strong>in</strong></span> <span class='ocrx_word' id='word_1_226' title='bbox 993 2910 1157 2960; x_wconf 86' lang='lat' dir='ltr'><strong>aeternum</strong></span> 
     </span>
     <span class='ocr_line' id='line_1_32' title="bbox 220 2981 1158 3072; baseline -0.001 -26"><span class='ocrx_word' id='word_1_227' title='bbox 220 2984 406 3068; x_wconf 88' lang='lat' dir='ltr'><strong>possidetur,</strong></span> <span class='ocrx_word' id='word_1_228' title='bbox 430 2983 606 3072; x_wconf 79' lang='lat' dir='ltr'><strong>praeposuit</strong></span> <span class='ocrx_word' id='word_1_229' title='bbox 628 2981 806 3048; x_wconf 85' lang='lat' dir='ltr'><strong>lruitiouem</strong></span> <span class='ocrx_word' id='word_1_230' title='bbox 836 2983 1038 3070; x_wconf 85' lang='lat' dir='ltr'><strong>temporalem</strong></span> <span class='ocrx_word' id='word_1_231' title='bbox 1075 2982 1158 3048; x_wconf 83' lang='lat' dir='ltr'><strong>illiue</strong></span> 
     </span>
     <span class='ocr_line' id='line_1_33' title="bbox 218 3069 1158 3159; baseline -0.001 -24"><span class='ocrx_word' id='word_1_232' title='bbox 218 3069 291 3136; x_wconf 87' lang='lat' dir='ltr'><strong>boni</strong></span> <span class='ocrx_word' id='word_1_233' title='bbox 317 3072 494 3159; x_wconf 78' lang='lat' dir='ltr'><strong>temporalis</strong></span> <span class='ocrx_word' id='word_1_234' title='bbox 517 3085 663 3138; x_wconf 85' lang='lat' dir='ltr'><strong>aeternae</strong></span> <span class='ocrx_word' id='word_1_235' title='bbox 687 3070 824 3137; x_wconf 91' lang='lat' dir='ltr'><strong>lruitloni</strong></span> <span class='ocrx_word' id='word_1_236' title='bbox 841 3073 939 3138; x_wconf 85' lang='lat' dir='ltr'><strong>ultimi</strong></span> <span class='ocrx_word' id='word_1_237' title='bbox 967 3072 1049 3146; x_wconf 70' lang='lat' dir='ltr'><strong>bole</strong></span> <span class='ocrx_word' id='word_1_238' title='bbox 1073 3069 1158 3137; x_wconf 91' lang='lat' dir='ltr'><strong>uude</strong></span> 
     </span>
     <span class='ocr_line' id='line_1_34' title="bbox 220 3159 1159 3248; baseline 0 -25"><span class='ocrx_word' id='word_1_239' title='bbox 220 3174 303 3246; x_wconf 83' lang='lat' dir='ltr'><strong>potet</strong></span> <span class='ocrx_word' id='word_1_240' title='bbox 326 3161 409 3248; x_wconf 91' lang='lat' dir='ltr'><strong>quod</strong></span> <span class='ocrx_word' id='word_1_241' title='bbox 432 3161 653 3244; x_wconf 76' lang='lat' dir='ltr'><strong>multomagis</strong></span> <span class='ocrx_word' id='word_1_242' title='bbox 676 3159 820 3226; x_wconf 79' lang='lat' dir='ltr'><strong>uoluisset</strong></span> <span class='ocrx_word' id='word_1_243' title='bbox 855 3163 886 3226; x_wconf 91' lang='lat' dir='ltr'><strong>iu</strong></span> <span class='ocrx_word' id='word_1_244' title='bbox 920 3175 1081 3226; x_wconf 89' lang='lat' dir='ltr'><strong>aeteruum</strong></span> <span class='ocrx_word' id='word_1_245' title='bbox 1103 3160 1159 3225; x_wconf 92' lang='lat' dir='ltr'><strong>illo</strong></span> 
     </span>
     <span class='ocr_line' id='line_1_35' title="bbox 220 3248 1159 3337; baseline 0 -24"><span class='ocrx_word' id='word_1_246' title='bbox 220 3251 303 3316; x_wconf 90' lang='lat' dir='ltr'><strong>bono</strong></span> <span class='ocrx_word' id='word_1_247' title='bbox 328 3251 490 3337; x_wconf 89' lang='lat' dir='ltr'><strong>temporali</strong></span> <span class='ocrx_word' id='word_1_248' title='bbox 513 3250 584 3316; x_wconf 87' lang='lat' dir='ltr'><strong>lrui.</strong></span> <span class='ocrx_word' id='word_1_249' title='bbox 608 3251 698 3335; x_wconf 79' lang='lat' dir='ltr'><strong>Ergo,</strong></span> <span class='ocrx_word' id='word_1_250' title='bbox 722 3248 895 3315; x_wconf 77' lang='lat' dir='ltr'><strong>secundum</strong></span> <span class='ocrx_word' id='word_1_251' title='bbox 934 3249 1074 3316; x_wconf 87' lang='lat' dir='ltr'><strong>divinum</strong></span> <span class='ocrx_word' id='word_1_252' title='bbox 1105 3248 1159 3334; x_wconf 82' lang='lat' dir='ltr'><strong>ju·</strong></span> 
     </span>
     <span class='ocr_line' id='line_1_36' title="bbox 221 3337 1161 3427; baseline 0.001 -26"><span class='ocrx_word' id='word_1_253' title='bbox 221 3339 347 3417; x_wconf 91' lang='lat' dir='ltr'><strong>dicium,</strong></span> <span class='ocrx_word' id='word_1_254' title='bbox 372 3340 411 3404; x_wconf 84' lang='lat' dir='ltr'><strong>ita</strong></span> <span class='ocrx_word' id='word_1_255' title='bbox 435 3339 536 3427; x_wconf 91' lang='lat' dir='ltr'><strong>puniri</strong></span> <span class='ocrx_word' id='word_1_256' title='bbox 560 3339 652 3404; x_wconf 87' lang='lat' dir='ltr'><strong>debet</strong></span> <span class='ocrx_word' id='word_1_257' title='bbox 675 3359 711 3404; x_wconf 89' lang='lat' dir='ltr'><strong>ac</strong></span> <span class='ocrx_word' id='word_1_258' title='bbox 732 3339 759 3404; x_wconf 83' lang='lat' dir='ltr'><strong>ei</strong></span> <span class='ocrx_word' id='word_1_259' title='bbox 798 3337 994 3404; x_wconf 86' lang='lat' dir='ltr'><strong>aeternaliter</strong></span> <span class='ocrx_word' id='word_1_260' title='bbox 1033 3357 1161 3424; x_wconf 80' lang='lat' dir='ltr'><strong>peccas-</strong></span> 
     </span>
     <span class='ocr_line' id='line_1_37' title="bbox 222 3427 1161 3515; baseline -0.004 -21"><span class='ocrx_word' id='word_1_261' title='bbox 222 3444 277 3497; x_wconf 81' lang='lat' dir='ltr'><strong>set.</strong></span> <span class='ocrx_word' id='word_1_262' title='bbox 301 3427 382 3494; x_wconf 89' lang='lat' dir='ltr'><strong>Nulli</strong></span> <span class='ocrx_word' id='word_1_263' title='bbox 405 3443 510 3494; x_wconf 88' lang='lat' dir='ltr'><strong>eutem</strong></span> <span class='ocrx_word' id='word_1_264' title='bbox 533 3427 664 3494; x_wconf 88' lang='lat' dir='ltr'><strong>dubium</strong></span> <span class='ocrx_word' id='word_1_265' title='bbox 688 3441 734 3492; x_wconf 80' lang='lat' dir='ltr'><strong>eet</strong></span> <span class='ocrx_word' id='word_1_266' title='bbox 753 3427 831 3514; x_wconf 52' lang='lat' dir='ltr'><strong>»quin</strong></span> <span class='ocrx_word' id='word_1_267' title='bbox 854 3449 912 3514; x_wconf 91' lang='lat' dir='ltr'><strong>pro</strong></span> <span class='ocrx_word' id='word_1_268' title='bbox 938 3441 1066 3493; x_wconf 86' lang='lat' dir='ltr'><strong>aeterno</strong></span> <span class='ocrx_word' id='word_1_269' title='bbox 1090 3447 1161 3515; x_wconf 91' lang='lat' dir='ltr'><strong>pec·</strong></span> 
     </span>
     <span class='ocr_line' id='line_1_38' title="bbox 222 3515 1163 3604; baseline 0.003 -24"><span class='ocrx_word' id='word_1_270' title='bbox 222 3531 291 3583; x_wconf 83' lang='lat' dir='ltr'><strong>eato</strong></span> <span class='ocrx_word' id='word_1_271' title='bbox 315 3530 438 3580; x_wconf 85' lang='lat' dir='ltr'><strong>aeterno</strong></span> <span class='ocrx_word' id='word_1_272' title='bbox 463 3535 563 3603; x_wconf 86' lang='lat' dir='ltr'><strong>poena</strong></span> <span class='ocrx_word' id='word_1_273' title='bbox 587 3516 745 3582; x_wconf 84' lang='lat' dir='ltr'><strong>debeatur.</strong></span> <span class='ocrx_word' id='word_1_274' title='bbox 775 3516 915 3584; x_wconf 89' lang='lat' dir='ltr'><strong>Debetur</strong></span> <span class='ocrx_word' id='word_1_275' title='bbox 948 3517 1049 3604; x_wconf 74' lang='lat' dir='ltr'><strong>igitur</strong></span> <span class='ocrx_word' id='word_1_276' title='bbox 1063 3516 1092 3582; x_wconf 84' lang='lat' dir='ltr'><strong>ei</strong></span> <span class='ocrx_word' id='word_1_277' title='bbox 1107 3515 1163 3603; x_wconf 88' lang='lat' dir='ltr'><strong>qui</strong></span> 
     </span>
     <span class='ocr_line' id='line_1_39' title="bbox 223 3602 930 3692; baseline 0.003 -26"><span class='ocrx_word' id='word_1_278' title='bbox 223 3602 262 3667; x_wconf 88' lang='lat' dir='ltr'><strong>ab</strong></span> <span class='ocrx_word' id='word_1_279' title='bbox 285 3603 395 3670; x_wconf 90' lang='lat' dir='ltr'><strong>ultimo</strong></span> <span class='ocrx_word' id='word_1_280' title='bbox 417 3603 480 3670; x_wconf 84' lang='lat' dir='ltr'><strong>fine</strong></span> <span class='ocrx_word' id='word_1_281' title='bbox 502 3603 648 3670; x_wconf 81' lang='lat' dir='ltr'><strong>avertitur</strong></span> <span class='ocrx_word' id='word_1_282' title='bbox 671 3622 773 3692; x_wconf 88' lang='lat' dir='ltr'><strong>poena</strong></span> <span class='ocrx_word' id='word_1_283' title='bbox 795 3618 930 3672; x_wconf 86' lang='lat' dir='ltr'><strong>aeterua.</strong></span> 
     </span>
    </p>
   </div>
   <div class='ocr_carea' id='block_1_2' title="bbox 0 0 1270 3968">
    <p class='ocr_par' dir='ltr' id='par_1_2' title="bbox 0 0 1270 3968">
     <span class='ocr_line' id='line_1_40' title="bbox 0 0 1270 3968; baseline 0 0"><span class='ocrx_word' id='word_1_284' title='bbox 0 0 1270 3968; x_wconf 95' lang='lat' dir='ltr'><strong> </strong></span> 
     </span>
    </p>
   </div>
  </div>
 </body>
</html>
