2514 3972
353 203 734 300 ‘mmmm
986 229 1049 296 w

436 408 496 476 cn
517 381 624 476 eu'r
666 409 740 477 ext.

123 551 215 632 Quod
237 549 365 636 speciali
390 551 525 636 quodam
548 552 669 616 ratione
692 559 853 614 creaturae
881 550 1052 614 rationales

303 640 427 705 diuinae
445 639 660 734 prouidentiae
682 638 864 704 subduntur.

193 763 234 828 Ex
257 761 307 828 his
329 762 457 849 quidem
486 782 566 848 qnae
605 783 698 849 supra
735 760 937 826 determinata
970 773 1052 838 sunt,

126 851 327 918 manifestum
351 867 397 917 est
425 852 508 938 quod
531 851 632 916 diuina
669 850 860 935 provideatis
884 850 923 916 ad
947 852 1051 916 omnia
1134 932 1138 940 .

125 961 160 1006 se
183 939 331 1017 extendit3
354 954 474 1027 oportet
509 954 613 1006 tomen
644 939 781 1024 aliquam
806 939 957 1006 rationem
981 960 1052 1025 pro-

128 1029 284 1095 uidentiae
307 1030 471 1116 specialem
495 1029 650 1096 obseruari
674 1031 753 1093 eirca
777 1027 999 1096 intellectuales
1022 1041 1053 1093 et
1130 1059 1132 1064 ·

127 1117 297 1184 rationales
320 1133 444 1184 naturas
468 1138 542 1204 prae
566 1117 632 1184 aliis
655 1118 814 1183 creaturis.

194 1206 389 1272 Praecellunt
412 1207 493 1272 enim
518 1207 592 1272 alias
607 1220 762 1272 creaturas
775 1219 805 1270 et
820 1207 849 1272 in
864 1205 1052 1292 perfectione

127 1309 258 1362 naturae
281 1309 311 1361 et
335 1300 365 1361 in
389 1295 537 1379 dignitate
560 1295 689 1361 lininio
715 1294 902 1380 perlectione
925 1295 1051 1381 quidam

126 1399 268 1458 naturae,
291 1385 362 1470 quia
386 1385 450 1450 sola
475 1397 614 1450 creatura
651 1385 807 1450 rationalis
831 1385 923 1451 habet
952 1383 1051 1449 domi-

125 1475 213 1542 nium
237 1473 285 1538 sui
308 1474 558 1552 actus,liberese
583 1493 677 1557 agens
700 1472 739 1538 ad
768 1473 1051 1560 operandum3cae·

126 1578 211 1628 terae
223 1582 297 1627 uero
319 1578 478 1628 creaturae
492 1562 530 1627 ad
547 1582 639 1648 opera
656 1564 780 1648 propria
796 1564 894 1648 magis
918 1576 1051 1646 aguntur

125 1672 220 1738 qaam
244 1665 346 1736 agant,
371 1663 404 1716 ut
427 1672 463 1716 ex
494 1650 679 1738 supradictis
704 1660 760 1734 (c.
787 1652 876 1738 tto)
900 1663 991 1737 patet.
1016 1651 1050 1716 ln

127 1741 277 1824 dignitate
301 1755 403 1805 autem
421 1739 501 1817 finis,
517 1740 587 1826 quia
604 1740 668 1804 sola
683 1755 822 1806 creatura
838 1739 1051 1807 intellectualis

129 1829 169 1894 ad
194 1830 294 1915 ipsum
319 1829 463 1894 ultimum
488 1829 580 1894 linem
615 1830 750 1895 universi
783 1851 838 1896 sua
872 1829 1051 1916 operatione

130 1919 286 2005 pertingit,
309 1918 424 1984 scilieet
458 1919 674 2003 cognoscendo
708 1932 738 1982 et
773 1921 917 1984 amando·
939 1918 1052 1994 Deunu

130 2007 210 2072 aliae
232 2027 305 2072 vero
328 2021 487 2072 creaturae
510 2005 548 2074 ad
585 2007 678 2072 finem
707 2007 850 2072 ultimum
875 2006 1051 2093 pertingere

129 2115 193 2162 non
218 2109 345 2182 possunt
367 2095 426 2160 nisi
451 2117 506 2178 per
529 2095 692 2180 aliqualem
725 2096 933 2162 similitudinis
956 2098 1050 2183 ipsius

129 2185 406 2272 participationem.
430 2182 539 2249 Omnis
562 2199 664 2249 autem
689 2186 765 2250 ratio
793 2185 895 2271 aperis
918 2185 1053 2251 variatur

130 2274 302 2339 secundam
326 2273 533 2342 diversitatem
559 2272 628 2337 finis
656 2286 817 2338 eteorum
841 2293 921 2360 quae
944 2274 1051 2358 apela-

127 2363 203 2426 tioni
231 2361 445 2448 sublimantur,
468 2362 546 2426 sicut
570 2363 647 2426 ratio
682 2362 829 2447 operandi
864 2384 919 2450 per
953 2376 1051 2428 artem

130 2450 248 2516 diuersa
273 2465 319 2516 est
341 2452 511 2516 secundam
536 2449 742 2514 diversitatem
755 2451 824 2516 finis
848 2465 876 2517 et
895 2451 1050 2530 materiae;

130 2539 218 2604 aliter
234 2539 316 2605 enim
340 2553 485 2626 operatur
508 2540 646 2604 medicus
674 2551 704 2603 ct
738 2541 962 2623 aegritudinem
986 2540 1051 2627 pel·

131 2628 255 2694 landam
279 2642 309 2694 ct
332 2629 370 2694 ad
394 2629 554 2694 sanitatem
577 2626 831 2707 conservandam,
855 2644 946 2715 atque
962 2630 1051 2696 aliter

129 2717 162 2782 ia
186 2716 367 2803 corporibus
394 2717 599 2782 diversimode
629 2716 891 2802 complexionatis;
914 2731 944 2783 et
966 2719 1052 2784 simi·

128 2805 199 2872 liter
221 2818 352 2892 oportet,
376 2807 407 2872 in
443 2806 594 2890 regimine
623 2806 760 2882 ciuitatis,
785 2805 937 2871 diversam
960 2807 1051 2873 ratio·

129 2914 202 2960 nem
228 2893 346 2960 ordinis
369 2895 525 2961 observari
549 2893 719 2958 secundum
743 2894 879 2960 diversas
901 2895 1050 2961 conditio·

129 3002 185 3050 nes
208 3003 317 3048 eorum
341 2984 393 3070 qui
425 2982 630 3068 subijciuntur
663 2982 805 3066 regimini
827 2997 857 3048 et
880 2983 1051 3050 secundum

130 3070 251 3136 diue'rsa
275 3071 314 3136 ad
349 3093 429 3158 quae
463 3071 655 3148 ordinantur3
691 3084 813 3159 oportet
846 3071 930 3136 enim
965 3071 1052 3139 aliter

131 3158 252 3244 disponi
277 3161 388 3226 milites
416 3174 450 3226 ut
472 3161 532 3226 sint
560 3159 732 3245 praeparati
768 3159 806 3224 ad
840 3181 987 3247 pugnarn,
1022 3175 1053 3226 et

132 3248 264 3314 artifices
286 3262 319 3314 ut
343 3250 421 3315 bene
445 3270 478 3314 se
513 3248 646 3314 babeant
670 3248 751 3313 circa
772 3269 827 3314 sua
861 3269 964 3336 opera.
1003 3248 1053 3316 Sic

130 3338 224 3422 igitur
247 3351 277 3403 et
299 3336 357 3402 alia
396 3352 442 3404 est
479 3336 596 3403 ordinis
634 3337 711 3400 ratio
749 3338 919 3402 seeundum
958 3358 1052 3424 quam

132 3439 291 3496 creaturae
314 3426 477 3492 rationales
501 3425 711 3512 prouidentiae
734 3426 856 3492 diuinae
879 3426 1053 3493 subduntur

132 3527 162 3579 et
191 3515 249 3580 alia
273 3516 444 3583 seeundum
466 3535 560 3604 quam
591 3513 772 3584 ordinantur
805 3527 945 3586 caeterae
967 3537 1052 3584 crsa-

132 3615 229 3671 turae.
