2372 3966
381 237 638 290 mmmm
904 221 965 288 m

69 331 72 338 ·
111 306 216 374 Omne
249 307 332 372 enim
366 308 450 395 quod
482 323 528 374 est
551 307 764 396 imperfectum
798 309 829 376 in
863 309 965 399 aliqua

62 399 145 482 speeie
181 396 338 462 desiderat
373 399 518 483 consequi
552 397 771 484 perfectionem
795 399 875 466 illius
898 419 966 488 spe·

59 487 111 564 cici3
148 486 206 570 qui
239 485 323 550 enim
361 485 455 552 habet
491 486 670 572 opinionem
706 487 745 554 de
782 507 815 552 re
853 488 968 574 aliqua,

56 595 121 661 qaae
160 573 343 660 imperfecta
381 574 463 642 illius
486 575 529 640 rei
563 589 609 642 est
648 577 764 654 notitia,
801 596 838 642 cx
862 577 920 642 boo
941 577 967 642 i·

52 685 99 750 pso
132 663 282 728 incitatur
305 663 342 728 ad
361 663 599 730 desiderandum
628 665 710 730 illius
734 665 778 732 rei
799 665 967 732 seientiam.

52 751 208 818 Praedicta
231 764 336 818 autem
359 751 492 838 cognitio
508 773 601 838 quam
627 753 816 820 substantiae
840 773 963 840 separa·

50 856 104 908 tae.
114 841 237 906 babent
260 841 299 906 de
314 841 393 915 Deo,
405 862 466 908 non
481 856 701 926 cognoscentes
715 843 809 930 ipsius
826 842 968 908 substan·

49 933 114 996 tiam
138 930 247 1017 plene,
271 943 316 996 εει
339 929 517 1016 imperfecta
542 931 725 1016 cognitionis
748 932 877 1018 species
904 951 969 998 oon

48 1020 126 1085 onim
149 1019 341 1084 arbitramur
366 1038 423 1084 nos
439 1019 554 1104 aliquid
567 1039 764 1104 cognoscere,
783 1021 808 1086 ai
825 1021 967 1088 substan·

47 1109 114 1173 tiam
139 1107 288 1193 ejusnon
312 1127 546 1192 cognoscamus3
569 1107 698 1174 undeet
720 1111 921 1196 praecipuum
936 1111 966 1176 in

48 1199 226 1282 cognitione
248 1195 377 1281 alicujus
402 1195 445 1262 rei
468 1210 514 1262 εει
535 1193 614 1262 sci'rc
637 1197 725 1264 deea
748 1199 822 1284 quid
846 1213 902 1264 est.
926 1197 968 1264 Ex

47 1286 213 1372 bacigitur
234 1285 412 1370 cognitione
448 1305 541 1372 quam
574 1286 689 1352 babent
711 1287 899 1354 substantiae
922 1307 969 1354 se·

47 1391 171 1460 paratae
204 1373 244 1439 de
266 1373 346 1452 Deo,
368 1395 429 1440 non
453 1375 582 1460 quiescit
603 1375 743 1442 naturale
770 1375 968 1454 desiderium,

48 1464 361 1548 sedincitaturmagis
378 1463 415 1527 ad
428 1462 562 1527 divinam
575 1463 779 1530 substantiam
793 1463 968 1533 uidendam.

108 1553 203 1629 ltem,
226 1551 270 1618 Ex
292 1550 467 1636 cognitione
490 1551 657 1618 effectuum
681 1553 824 1618 incitator
846 1551 968 1618 deside·

49 1642 126 1708 rium
150 1641 193 1706 ad
218 1641 469 1725 cognoscendum
492 1661 630 1718 causam;
665 1641 801 1706 undeet
827 1641 968 1708 homines

49 1729 261 1817 philosophari
285 1730 475 1816 inceperunt,
500 1750 607 1796 causas
631 1751 736 1796 rerum
768 1731 969 1817 inquirentes.

50 1819 111 1884 b'on
136 1819 271 1906 quiescit
295 1819 387 1904 igitur
407 1818 524 1884 sciendi
555 1819 755 1898 desiderium,
791 1818 968 1886 naturaliter

52 1910 198 1974 omnibus
225 1907 402 1973 substantiis
437 1907 693 1974 intellectualibus
728 1907 870 1994 inditum,
892 1909 963 1987 nisi,

51 1999 177 2083 cognitis
202 1996 380 2062 substantiis
402 1993 577 2070 effectuum,
596 1999 689 2062 etiam
711 1997 737 2064 si
765 1998 967 2064 substantiam

52 2105 159 2152 causae
184 2099 381 2169 cognoscant.
405 2083 464 2150 Per
487 2085 546 2150 boc
569 2086 662 2170 igitur
677 2085 761 2171 quod
778 2087 967 2152 substantiae

53 2190 210 2262 separatae
233 2186 422 2258 cognoscunt
446 2174 587 2238 omnium
610 2195 714 2240 rerum
740 2195 872 2261 quarum
895 2174 968 2240 sub-

51 2266 172 2329 suntias
198 2261 302 2328 rident
323 2282 391 2327 esse
414 2261 515 2326 Deum
538 2283 675 2342 causam,
689 2283 751 2328 ooo
774 2263 901 2349 quiescit
915 2284 969 2330 na·

53 2354 146 2419 torale
169 2350 359 2432 desiderium
384 2351 414 2414 in
438 2351 525 2437 ipsis,
554 2353 612 2418 nisi
650 2353 743 2418 etiam
782 2352 876 2440 ipsius
910 2351 968 2419 Dei

53 2441 253 2508 substantiam
278 2440 410 2504 videant.

113 2531 236 2608 Adbuc,
258 2527 342 2594 Sicut
362 2548 397 2594 se
427 2526 520 2594 babet
553 2529 692 2613 quaestio
726 2541 856 2614 proper
894 2531 970 2616 qaid

54 2618 89 2682 ad
111 2619 326 2706 quaestionem
350 2617 432 2701 quio,
457 2620 496 2681 ita
512 2635 546 2680 se
563 2617 657 2684 babet
679 2622 820 2704 quaestio
835 2619 971 2704 quidest

55 2707 90 2771 ad
111 2707 327 2795 quaestionem
349 2726 391 2770 an
413 2717 466 2770 cet:
490 2725 563 2770 nam
586 2711 725 2792 quaestio
743 2720 874 2792 propter
895 2709 971 2792 quial

57 2801 171 2880 quaerit
195 2795 333 2861 medium
357 2794 396 2860 ad
410 2857 415 2864 ,
429 2793 704 2868 demonstrandum
728 2798 802 2880 quio
835 2809 881 2862 est
914 2796 969 2862 ali-

57 2886 135 2969 quid,
158 2899 233 2974 puta
255 2883 326 2968 quia
348 2882 421 2948 luua
444 2883 619 2968 collocatur,
640 2897 670 2952 ει
681 2885 820 2950 similiter
832 2885 972 2971 quaestio

58 2975 125 3056 quid
147 2985 196 3040 εει
216 2972 336 3061 quaerit
358 2971 496 3038 medium
513 2975 552 3041 ad
565 2971 839 3045 demonstrandum
855 2993 897 3038 aa
913 2983 973 3053 eat,

59 3064 224 3130 secundum
249 3062 419 3128 doctrinam
456 3060 598 3126 traditam
623 3062 654 3126 in
689 3062 826 3128 secundo
864 3061 970 3128 Poste·

60 3151 169 3219 riorum
193 3151 292 3238 (text.
314 3149 468 3222 commi
486 3149 510 3235 ).
535 3149 681 3216 Videmus
705 3163 808 3216 autem
830 3150 913 3236 quod
930 3152 971 3218 vi-

62 3237 160 3308 dentes
182 3238 362 3306 naturaliter
384 3237 455 3325 quia
478 3251 524 3302 cst
546 3238 661 3391 aliquid
685 3244 763 3304 scire
797 3239 972 3306 desiderant

64 3329 127 3413 quid
149 3343 196 3396 est
217 3329 331 3416 ipsum,
354 3326 436 3414 quod
459 3339 505 3391 εει
528 3328 600 3392 intel
615 3330 698 3412 igere
731 3325 797 3413 ejus
833 3329 972 3396 substan·

64 3417 138 3484 tiam.
161 3419 232 3489 Non
253 3417 346 3504 igitur
368 3418 522 3505 quietatur
544 3415 683 3482 naturale
712 3417 828 3484 sciendi
851 3419 972 3484 deside·

65 3509 135 3572 rium
159 3509 191 3574 in
214 3503 388 3594 cognitione
410 3497 479 3587 Dei,
496 3525 560 3592 ,qua
584 3505 678 3572 scitur
700 3505 739 3574 de
767 3505 834 3595 ipso
871 3507 973 3600 solutu

70 3611 205 3678 quaest.
