2462 3968
390 255 446 302 nn.
469 230 523 316 Jnr.
548 253 611 300 oar.
641 255 716 302 arnt.
954 235 1019 303 ι207

87 325 126 393 ad
149 323 264 392 horam
288 335 415 413 propter
437 323 571 410 aliquam
595 325 819 404 necessitatem,
858 324 901 390 ita
940 338 1021 392 osset

86 429 196 481 contra
221 414 373 481 rationem
397 413 492 478 divini
517 413 677 498 regiminis
700 415 726 479 si
750 433 814 478 non
839 414 956 479 sineret
970 435 1021 480 res

87 515 209 570 creatas
235 522 327 589 agere
349 502 521 568 secundum
545 502 676 568 modum
703 503 847 590 propriae
881 516 1019 568 naturae.

86 592 129 658 lix
152 593 217 658 noc
242 606 345 658 autem
369 591 452 676 quod
476 607 641 656 creaturae
657 592 701 656 sic
742 605 848 676 agunt,
883 591 1023 677 sequitur

86 681 250 768 corruptio
273 694 304 746 et
326 679 444 744 malum
467 681 498 744 in
522 680 626 755 rebus,
658 701 741 758 cum,
783 693 910 768 propter
946 700 1021 746 con·

86 771 281 836 uarietatem
305 783 336 834 et
359 769 598 856 repugnantiam
623 781 766 855 quaeest
788 771 821 834 in
839 769 942 846 rebus,
960 789 1022 837 uua

86 877 137 924 res
160 861 204 924 sit
229 856 356 924 alterius
379 860 565 943 corruptiva.
580 857 648 922 Non
665 870 710 924 est
725 859 817 942 igitur
832 857 871 922 ad
884 857 1019 923 divinam
1117 929 1123 942 ‚

87 947 320 1035 providentiam
355 947 512 1032 pertinens
547 947 666 1012 malurn
705 947 835 1012 omnino
872 967 889 1011 a
928 946 1022 1012 rebus

87 1037 272 1122 gubernatis
295 1033 469 1101 excludere.

156 1125 250 1203 ltem,
273 1124 464 1211 Impossibile
487 1122 639 1208 estquod
663 1143 757 1208 agens
793 1136 940 1210 operetur
963 1123 1019 1190 ali-

90 1213 177 1300 quod
203 1213 333 1289 malum,
354 1214 413 1278 nisi
429 1226 554 1300 propter
570 1213 629 1278 boc
645 1213 728 1300 quod
747 1213 877 1278 intendit
893 1211 1019 1298 aliquod

89 1301 226 1382 bonum,
248 1304 327 1368 sicut
350 1317 387 1367 ex
409 1300 620 1388 superioribus
644 1309 686 1389 (c.
710 1301 746 1388 l)
785 1315 920 1389 apparet.
946 1302 1020 1368 Pro·

89 1390 203 1458 hibere
228 1405 331 1457 autern
356 1389 578 1476 cujuscumque
601 1389 675 1456 boni
709 1391 911 1456 intentionem
949 1391 1018 1456 uni·

90 1481 254 1546 versaliter
277 1501 294 1545 a
319 1480 411 1545 rebus
433 1479 543 1545 creatis
575 1498 638 1544 non
676 1479 808 1566 pertinet
841 1479 882 1544 ad
918 1481 1018 1566 provi·

92 1569 232 1635 dentiam
256 1568 399 1655 ejusqui
423 1580 469 1633 est
491 1567 592 1632 omnis
615 1567 690 1632 boni
713 1587 819 1647 oausa3
851 1569 895 1632 sic
933 1567 1017 1634 enirn

91 1659 191 1724 multa
216 1658 298 1723 bona
321 1657 577 1722 subtraherentur
599 1656 639 1721 ab
667 1656 863 1722 universitate
902 1675 1019 1734 rerunt3

93 1747 182 1826 sicut,
205 1747 232 1812 si
254 1746 490 1812 subtraheretur
513 1745 576 1829 igni
599 1745 728 1812 intentio
767 1745 936 1829 generandi
959 1745 1018 1812 sibi

93 1835 205 1914 simile,
229 1835 384 1921 adquam
419 1833 557 1920 sequitur
595 1834 655 1899 lroc
694 1833 812 1900 malurn
852 1833 936 1920 quod
973 1848 1018 1903 est

94 1926 252 2014 corruptio
275 1943 381 1990 rerum
404 1922 680 1999 conibustibilium;
704 1922 863 1989 tolleretur
885 1923 945 1989 boc
961 1922 1019 1990 bo-

93 2027 169 2078 uum
193 2012 278 2099 quod
301 2025 347 2079 cst
369 2013 527 2098 generatio
551 2011 631 2096 ignis
654 2027 684 2078 et
706 2012 899 2077 conservatio
922 2013 1018 2098 ipsius

94 2103 267 2168 secundum
291 2122 379 2167 suam
402 2101 548 2188 speciem.
575 2100 642 2166 Non
682 2115 728 2166 est
767 2102 859 2185 igitur
896 2100 1018 2166 divinae

94 2190 308 2277 providentiae
330 2190 447 2256 rnalum
474 2188 604 2254 totaliter
627 2210 644 2254 a
669 2189 763 2254 rebus
787 2189 961 2256 excludere.

156 2280 277 2355 Adbuc,
300 2278 394 2344 Multa
417 2278 498 2343 bona
521 2294 592 2344 sunt
630 2277 661 2342 in
700 2278 803 2356 rebus,
838 2297 929 2364 quae,
957 2278 1015 2343 nisi

95 2367 177 2434 mala
202 2382 315 2447 essent,
337 2368 440 2450 locum
464 2387 526 2432 non
550 2367 811 2446 baberen13sicut
849 2386 911 2432 non
937 2380 1030 2432 esset,

61 2511 64 2518 .
94 2457 242 2543 patientia
260 2456 429 2542 justorum,
462 2457 487 2521 si
519 2476 581 2521 non
609 2468 689 2520 esset
727 2455 902 2540 malignitas
914 2474 1018 2544 perse-

83 2547 270 2631 ·quentium;
294 2565 351 2612 neu
374 2557 456 2610 esset
477 2544 563 2610 locus
582 2542 719 2630 justitiae
743 2543 956 2624 vindicativae,
991 2543 1016 2610 si

97 2633 208 2701 delicta
231 2654 295 2700 non
318 2647 431 2711 essene
447 2633 479 2698 in
502 2633 595 2698 rebus
617 2634 710 2698 etiam
733 2632 938 2711 naturalibus,
953 2653 1017 2699 non

97 2738 179 2790 esset
200 2725 291 2790 unius
314 2722 472 2807 generatio
493 2722 553 2787 uisi
576 2736 657 2788 esset
686 2721 812 2788 alterius
847 2722 1016 2808 corruptio.

97 2810 129 2876 st
153 2833 228 2897 ergo
252 2811 368 2878 malum
392 2811 524 2876 totaliter
548 2811 586 2876 ab
610 2810 808 2876 universitate
831 2829 936 2874 rerum
961 2829 1017 2897 per

99 2899 234 2966 divinam
257 2900 482 2989 providentiam
506 2899 731 2986 excluderetur,
754 2911 911 2984 oporteret
923 2899 1016 2964 etiam
1049 2921 1056 2930 ·

99 2987 253 3056 bonarum
277 2987 507 3055 multitudinem
544 2988 685 3054 diminui:
724 2990 808 3074 quod
846 3007 914 3052 esse
952 3006 1016 3052 non

102 3077 204 3156 debet,
226 3079 297 3164 quia
322 3077 487 3143 virtuosius
510 3089 556 3142 est
579 3076 696 3141 bonurn
721 3076 753 3140 in
769 3075 907 3142 bonitate
922 3095 1016 3166 quarn

101 3165 132 3232 in
155 3167 271 3233 malitia
293 3167 422 3246 malum,
444 3166 522 3231 sicut
555 3185 593 3230 ex
631 3164 841 3250 superioribus
879 3167 920 3252 (c.
959 3163 1016 3249 ll)

103 3269 194 3341 patet.
221 3256 314 3342 lgitur
337 3275 400 3321 non
422 3253 515 3326 debet
537 3274 593 3342 per
614 3252 753 3318 divinam
791 3252 1016 3341 providentiam

103 3347 235 3412 totaliter
258 3344 374 3410 malurn
397 3342 518 3408 excludi
540 3363 558 3408 a
582 3341 684 3408 rebus.

167 3434 314 3522 Amplius,
335 3434 456 3498 Bonum
480 3431 571 3497 totius
595 3429 767 3520 praeminet
789 3429 872 3496 bono
910 3431 1015 3519 partis.

106 3521 148 3589 lld
173 3523 356 3614 prudentem
379 3520 473 3609 igitur
494 3521 734 3610 gubernatorem
757 3521 889 3610 pertinet
918 3519 1017 3607 negli-
