2516 3968
379 271 437 317 tuat
459 271 499 316 ur.
524 273 587 320 oar.
612 274 666 320 cu.
692 273 727 318 nr
751 273 820 320 curt.
993 253 1058 320 439

135 356 199 408 tarn
222 339 420 407 dilectoribus
444 343 507 408 suis
545 344 695 410 visionem
729 363 818 408 suam
860 343 1057 432 repromittit,

135 432 252 498 dicens:
278 430 337 510 Qut
359 429 463 515 diligit
484 451 533 496 mo
555 433 744 518 diligeturo
779 431 874 496 Putre
909 452 991 509 meu·
1028 444 1058 500 et

135 541 190 606 epo
202 520 333 606 diligam
348 539 429 598 aum,
444 531 476 584 et
487 520 691 604 manifestabo
707 522 737 584 ei
751 521 917 605 meipsum,
956 522 1058 601 loon,
1138 533 1139 540 ’

137 611 190 688 ll,
213 609 265 674 ll.
290 608 378 674 Unde
400 621 483 695 patet
505 610 588 696 quod
623 609 730 694 gratia,
768 629 850 694 quae
886 609 925 675 ad
960 609 1055 676 linern

136 698 258 854 diutinae
280 697 406 764 visionis
428 697 542 785 dirigit,
565 699 761 764 dilectionem
784 698 843 766 Dei
880 711 986 766 causat
1025 699 1057 765 in

134 807 177 854 no
201 807 236 853 ts.

446 945 737 1031 ctaurmn.

210 1141 300 1224 Quod
321 1142 428 1208 divino
449 1141 555 1228 pruno
577 1154 687 1209 causat
710 1145 742 1208 ia
764 1142 854 1208 nobie
875 1143 978 1231 fidem.

200 1319 242 1386 Ex
263 1318 324 1386 hoc
346 1333 450 1385 autem
475 1320 559 1407 qarod
583 1319 686 1386 divina
710 1319 806 1405 gratia
839 1319 998 1385 caritatem
1023 1320 1054 1384 in

131 1407 221 1474 nobis
245 1423 365 1483 causat,
389 1409 598 1474 necessarium
623 1422 669 1474 cst
693 1408 893 1496 quodetiam
918 1407 1056 1474 innubis

133 1497 211 1563 ltdes
234 1517 290 1583 per
312 1497 442 1582 gratiam
464 1511 614 1564 causetur.

200 1585 298 1652 llotus
332 1587 415 1650 enim
439 1607 500 1673 quo
524 1605 581 1674 per
602 1587 732 1672 gratian
755 1585 787 1650 in
800 1585 944 1651 ultimum
959 1585 1054 1652 linem

137 1674 302 1760 dirigimur
324 1689 369 1740 est
392 1675 593 1750 voluntarius,
618 1696 680 1740 non
703 1674 866 1754 violentus,
888 1687 922 1740 ut
961 1693 1054 1759 supra

134 1765 178 1850 (c.
203 1763 283 1852 titt>
304 1776 461 1830 ostensum
484 1777 539 1830 est.
577 1763 775 1832 Voluntarius
812 1776 916 1828 autem
951 1778 1054 1828 motus

134 1853 165 1917 in
189 1851 303 1940 aliquid
327 1871 394 1918 esse
417 1873 479 1918 non
503 1866 613 1941 potest,
636 1853 694 1918 nisi
710 1853 748 1918 eit
770 1848 1054 1938 cognitumllpor-

134 1954 176 2006 tet
198 1941 291 2025 igitur
312 1941 395 2027 quod
420 1961 474 2028 per
498 1943 627 2027 gratiam
667 1941 697 2006 in
722 1940 811 2007 nobis
834 1942 970 2028 cognitio
986 1940 1055 2006 ulti·

131 2029 175 2094 mi
212 2030 280 2095 finis
318 2031 559 2118 praestituatur,
599 2031 638 2096 ad
673 2031 732 2095 hoc
767 2030 853 2116 quod
882 2030 1055 2096 voluntarie

132 2117 305 2203 dirigamur
341 2119 373 2184 in
407 2119 519 2206 ipsum.
556 2120 638 2184 llaec
677 2133 781 2184 autern
816 2119 951 2204 cognitio
989 2139 1053 2183 non

129 2221 319 2294 potestesse
342 2208 517 2274 secundnm
541 2221 680 2294 apertam
719 2208 870 2271 visionem
906 2208 940 2271 in
974 2219 1053 2272 statu

132 2299 202 2374 isto,
226 2309 373 2384 utsupra
397 2297 439 2380 (c.
463 2296 524 2380 48)
549 2298 711 2382 probatum
735 2308 791 2360 est.
815 2293 946 2383 Oportet
962 2294 1055 2380 igitur

130 2385 215 2474 quod
238 2386 276 2450 sit
299 2385 434 2471 cognitio
457 2405 513 2472 per
538 2385 644 2450 tidem.

198 2474 346 2560 Amplius,
370 2474 403 2538 ln
428 2474 567 2560 quolibet
605 2486 824 2558 cognoscente,
860 2471 972 2538 modus
1003 2493 1054 2537 co-

132 2563 278 2648 gnitionis
301 2565 498 2650 consequitur
522 2561 651 2628 modurn
676 2563 820 2648 propriae
844 2575 1053 2636 naturae3un·

129 2653 172 2717 de
195 2651 272 2717 alius
296 2652 406 2716 modus
430 2652 614 2738 cognitionis
637 2665 682 2714 est
713 2650 832 2735 Augei,
857 2651 990 2714 hominis
1023 2663 1054 2713 et

132 2740 213 2806 bruti
237 2741 389 2816 animalis,
411 2742 582 2806 secundnm
606 2738 689 2826 quod
714 2759 823 2804 eorum
854 2755 982 2803 naturae
1006 2737 1054 2801 di-

131 2849 237 2896 versae
259 2843 341 2908 sunt,
364 2841 397 2893 ut
418 2850 455 2894 ex
480 2830 653 2915 praemissis
677 2840 768 2916 patet.
793 2826 854 2894 Sed
872 2827 1053 2906 homini,ad

127 2916 380 3004 consequendum
412 2917 557 2983 ultimum
580 2918 688 2994 linem,
710 2917 833 2982 additur
856 2914 957 3002 aliqua
982 2935 1054 3002 per·

129 3006 222 3072 lectio
245 3026 339 3093 snper
361 3006 523 3094 propriam
549 3021 702 3084 naturam,
731 3005 846 3071 scilieet
880 3005 987 3089 gratio,
1021 3017 1055 3069 ut

129 3108 287 3160 ostensum
311 3108 357 3160 est
379 3095 420 3181 (c.
447 3095 533 3180 167).
558 3093 688 3182 Oportet
711 3095 804 3178 igitur
841 3093 925 3180 quod
960 3093 1052 3157 etiam

128 3204 223 3271 super
246 3183 458 3269 cognitionem
482 3185 655 3250 naturalem
680 3183 814 3248 hominis
852 3181 983 3248 addatur
1021 3182 1053 3246 in

129 3293 168 3338 ao
192 3272 292 3360 aliqua
315 3270 450 3358 cognitio
474 3293 553 3359 quae
578 3271 729 3338 rationem
752 3271 925 3337 naturalem
966 3289 1052 3336 exce-

130 3362 193 3439 dot;
217 3377 246 3426 et
269 3361 346 3426 haec
368 3374 414 3426 est
437 3362 573 3447 cognitio
611 3360 696 3438 lidei,
734 3381 813 3447 quoe
851 3372 897 3424 est
930 3357 970 3424 de
1004 3359 1052 3426 his

131 3471 211 3537 quae
234 3471 296 3515 tion
317 3448 458 3515 videntur
481 3471 536 3539 per
558 3450 710 3516 rationem
735 3448 916 3514 naturalem.

199 3539 285 3618 ltem,
309 3538 576 3628 Quandocumque
599 3539 638 3606 ab
661 3538 765 3627 aliquo
796 3551 907 3625 agente
946 3555 1052 3603 move·
