2514 3972
219 241 285 311 558
442 262 498 309 ιιι.
523 265 564 309 ιιι.
590 264 653 310 cin.
678 265 764 312 cxvu.
788 265 825 309 aa
848 262 951 312 atain.

287 330 376 404 item,
398 330 444 398 tu
468 334 526 399 hoe
549 335 632 421 quod
656 335 753 400 hoino
776 333 886 400 divinis
912 343 1000 400 uaoet
1023 331 1145 418 intfiget

219 421 440 509 tranquillitate
462 434 493 487 et
516 443 601 510 pace.
626 424 666 489 lla
690 445 763 490 vero
785 441 866 510 quae
888 442 997 509 paeetn
1010 435 1143 510 pertur-

217 509 295 578 bare
331 523 471 598 possunt,
504 513 669 599 praecipue
702 511 977 600 perdilectionem
999 526 1141 577 mutuant

214 600 379 667 tolluntur.
403 598 481 666 Cum
509 603 601 684 igitur
623 601 673 667 lex
705 603 807 667 divina
842 599 882 664 ad
920 601 980 667 hoe
1017 600 1141 666 ordinet

218 688 362 756 homines
383 702 418 755 ut
441 690 551 755 divinis
575 703 693 771 vacent,
731 689 939 756 neeessarium
973 701 1021 756 est
1054 689 1139 775 quod

217 797 256 845 ex
277 778 346 864 lege
369 778 471 845 divina
488 779 706 846 inhominibus
722 792 828 844 mutua
841 777 966 843 tlileotio
982 780 1140 864 prooedat.

284 867 459 945 Praeterea,
482 867 544 932 Lex
568 869 670 934 diuina
695 867 850 956 proluatur
872 867 991 932 homini
1014 869 1046 932 in
1086 887 1140 932 au·

216 955 325 1022 xiliunt
349 957 425 1041 legis
449 957 605 1022 naturalis.
630 959 681 1023 Est
704 971 807 1023 autem
836 956 982 1022 omnibus
1006 954 1139 1021 bomini·

216 1043 275 1110 bns
297 1045 429 1111 naturali
454 1059 487 1111 ut
513 1066 545 1111 se
569 1049 701 1112 invicem
724 1045 862 1130 diligant
889 1045 977 1131 eujus
1014 1045 1138 1130 siguum

214 1133 377 1220 estquod,
400 1135 535 1221 quodam
559 1135 689 1202 naturali
727 1136 882 1212 instinctu,
920 1135 1016 1200 bomo
1049 1134 1139 1198 uuili-

215 1221 269 1288 bet
290 1223 409 1289 homini
433 1225 526 1290 etiatn
550 1224 656 1309 ignoto
694 1224 837 1291 subvenit
875 1224 907 1288 in
946 1223 1139 1300 necessitate,

214 1324 288 1397 puta
311 1312 486 1378 revocando
511 1312 551 1378 ab
573 1334 679 1378 errore
702 1311 942 1398 uiae,erigendo
965 1333 983 1376 a
1007 1332 1088 1378 casu·
1106 1326 1139 1376 et

213 1398 281 1465 aliis
304 1399 494 1486 hujusmodi,
518 1422 553 1466 ao
576 1403 601 1467 si
630 1404 732 1467 omnis
768 1402 863 1466 homo
902 1401 1021 1466 homini
1055 1413 1140 1466 esset

213 1486 372 1556 familiaris
395 1502 425 1554 et
447 1491 573 1556 amicus.
608 1491 702 1575 lgitur
725 1511 762 1556 ex
785 1491 887 1556 diuina
918 1490 988 1575 lege
1026 1501 1137 1555 mutua

215 1576 339 1644 dileetio
362 1579 539 1645 bominibus
563 1581 758 1667 praecipitur.

1241 163 1244 320 l

283 1666 363 1734 llino
397 1681 444 1732 est
481 1667 564 1754 quud
604 1668 727 1734 dicitur:
766 1667 833 1732 Hoe
869 1679 915 1732 eat
935 1677 1139 1751 praeceptum
1244 1679 1245 1738 l

214 1775 317 1822 meum
340 1768 376 1821 ut
398 1758 539 1843 dilipatis
561 1759 699 1834 invicem,
712 1758 810 1831 loen„
829 1757 881 1831 lb,
896 1757 948 1832 lb
964 1755 1030 1821 Hae
1047 1776 1138 1820 mou·

214 1847 324 1910 datam
347 1844 537 1912 belamuto
561 1847 636 1926 Deo,
659 1857 694 1911 ut
716 1847 769 1930 qui
791 1847 897 1930 dilipit
924 1846 1023 1910 Deum
1061 1845 1140 1909 dili-

212 1944 267 2016 9nt
304 1945 333 1998 et
370 1933 507 2016 fratrum
545 1956 645 2012 auum,
673 1936 685 2000 l
714 1936 814 2012 loun..
839 1936 871 2010 l,
894 1935 948 2012 aa
971 1947 1002 1999 et
1024 1933 1141 2000 dieitur
1245 1999 1246 2034 3

214 2023 299 2106 quud
322 2023 494 2088 seeundum
517 2024 699 2089 mandatum
722 2034 780 2090 est:
806 2024 926 2109 nationi
956 2024 1141 2108 pronianum

215 2120 302 2177 tuum
322 2113 403 2180 sieut
422 2115 568 2199 seipsum,
589 2114 705 2193 Matth.,
729 2113 783 2192 bl,
805 2113 858 2179 59.

502 2289 681 2364 CAPUT
718 2289 846 2358 CXVlll.

296 2493 299 2500 ·
368 2467 459 2550 Quod
478 2488 535 2552 per
557 2469 697 2534 diuinam
721 2471 818 2554 lepem
839 2468 980 2534 homiues

424 2557 469 2624 oct
490 2569 608 2624 tectum
628 2557 720 2648 fidem
743 2557 930 2661 obliquatur.

280 2735 323 2803 Ex
344 2735 405 2802 hoe
427 2751 530 2801 autem
554 2750 681 2823 apparet
703 2734 787 2821 quod
811 2734 1013 2822 perdivinant
1030 2733 1136 2820 legem

214 2827 356 2895 homines
379 2824 418 2891 atl
442 2839 558 2891 rectam
583 2825 677 2891 tidem
702 2825 887 2909 obligantur.

280 2914 365 2980 Siout
387 2914 470 2980 enim
493 2915 657 2980 amotionis
680 2911 849 3002 corporalis
873 2909 1058 2999 principium
1087 2925 1137 2980 est

211 3005 300 3084 visio,
319 3023 399 3090 quae
422 3017 468 3068 est
491 3023 545 3090 pet·
558 3004 681 3069 oculum
694 3003 900 3091 corporalem,
914 3002 954 3067 ita
971 3001 1063 3066 etiam
1088 3001 1138 3067 di·

209 3094 350 3161 lectionis
370 3093 545 3180 spititualis,
562 3093 681 3158 initium
699 3111 768 3158 esse
783 3103 905 3178 oportet
920 3092 1072 3156 visionem
1085 3091 1137 3156 in·

205 3181 403 3266 telligibilem
426 3181 581 3266 diligibilis
616 3182 792 3270 spiritualis.
816 3181 898 3246 Visio
922 3194 1025 3247 autem
1053 3177 1138 3245 illius

205 3270 403 3354 intelligibilis
426 3271 603 3356 spititualis,
628 3271 711 3357 quod
742 3286 788 3338 est
811 3270 905 3349 Deus,
922 3270 954 3335 in
978 3269 1137 3355 praesenti

206 3356 314 3426 baberi
331 3379 393 3424 non
417 3373 517 3445 potest
540 3360 666 3426 anobis
692 3361 750 3426 nisi
775 3379 831 3446 per
856 3360 963 3438 fldem,
984 3377 1023 3422 eo
1046 3356 1135 3442 quod

207 3448 380 3512 naturalem
397 3449 548 3512 rationem
565 3444 697 3525 e'xoedit3
714 3463 744 3514 et
759 3450 926 3536 praecipue
957 3445 1134 3514 seeundum

209 3535 291 3621 quod
316 3536 347 3599 in
370 3534 436 3621 ejus
460 3535 604 3604 linitione
641 3551 745 3604 nostra
782 3537 942 3604 beatitudo
977 3535 1134 3612 consistit,
1245 3557 1246 3614 i
