2514 3972
335 245 392 314 uio.
416 265 456 312 ur:
481 269 544 314 car.
569 265 625 313 cvr.
650 267 687 311 or
710 267 778 314 cvrr.
959 250 1017 316 551

95 335 268 405 mendaciis
280 336 391 422 quibus
404 337 536 402 alliciant
550 357 604 403 eos
616 357 748 422 quorum
762 335 1022 416 auxilioutuntur3

96 427 328 495 comminantur
339 426 421 492 enlm
435 427 586 512 quaedam
600 427 810 512 impossibilia,
829 427 907 492 siout
928 429 1023 513 quod,

96 517 153 582 nisi
177 516 231 581 ille
256 515 308 601 qui
332 517 491 580 invocatur
513 535 603 601 opem
631 516 718 595 serat,
741 515 887 580 invocans
899 517 1021 583 caelum

96 606 290 670 comminuet
313 617 365 669 aut
387 603 487 668 sidera
512 605 657 690 deponet,
670 619 701 668 ut
716 620 818 668 narrat
831 605 1022 692 Porphyrius

93 695 125 758 in
149 694 282 778 epistola
306 693 344 758 ad
379 693 570 759 Anabontem
595 695 656 779 (1).
693 694 765 758 lllae
788 695 881 778 igitur
905 694 1025 759 intelle-

95 783 210 849 ctuales
235 782 435 854 substantiae,
459 782 571 868 quibus
595 782 810 867 adjuvantibus
828 783 1024 868 operationes

94 891 261 956 magorum
287 871 498 958 perficiuntur,
521 893 584 936 non
609 872 750 937 ridentur
774 891 841 937 esee
856 873 937 938 bene
960 871 1023 937 dis·

95 963 214 1048 positae
239 960 411 1025 seeundum
437 961 639 1026 intellectum.

161 1049 313 1133 Amplius,
336 1049 403 1114 Non
427 1049 547 1114 videtur
576 1071 644 1115 esse
668 1047 808 1114 habentis
832 1047 1021 1114 intellectum

96 1137 175 1203 bene
199 1139 382 1224 dispositum
407 1151 451 1212 ut,
473 1140 498 1203 si
522 1139 559 1204 sit
590 1140 742 1226 superior,
777 1138 940 1224 imperanti
963 1139 1021 1203 sibi

95 1227 249 1292 subdatur
272 1227 349 1291 sicut
380 1225 517 1304 inleri0r3
553 1243 615 1306 aut,
638 1231 662 1292 si
688 1227 726 1292 sit
749 1226 885 1304 inferior,
909 1241 941 1292 ut
964 1228 1021 1293 sibl

95 1315 133 1380 ab
157 1335 196 1382 eo
220 1316 308 1402 quasi
321 1316 473 1402 superiori
488 1317 654 1403 supplicari
670 1320 811 1401 patiatur.
823 1316 901 1399 llagi
918 1331 1022 1382 autern

92 1404 237 1470 invocant
260 1425 313 1470 eos
347 1423 479 1490 quorum
511 1406 622 1470 auxilio
658 1417 795 1481 utuntur,
831 1405 1018 1490 suppliciter,

94 1494 180 1576 quasi
205 1494 394 1578 superiores;
418 1513 489 1558 oum
526 1507 628 1558 autem
655 1493 846 1572 advenerint,
870 1495 1022 1579 imperant

96 1581 138 1646 eis
160 1583 250 1667 quasi
274 1581 478 1648 inferioribus.
510 1583 600 1648 Nullo
623 1583 715 1667 igitur
749 1582 843 1646 modo
879 1582 1022 1648 ridentur

97 1689 163 1735 esse
186 1671 269 1736 bene
291 1671 427 1757 dispositi
452 1673 621 1736 secundum
655 1671 841 1735 iutelleeum.

164 1760 224 1824 Per
249 1761 307 1824 boo
330 1771 432 1825 autem
456 1761 631 1827 excluditur
653 1781 740 1824 error
763 1759 942 1840 Gentilium,
966 1761 1018 1845 qui

97 1845 277 1934 hujusmodi
301 1851 492 1936 operationes
516 1851 572 1915 diis
596 1849 812 1916 attribuebant.

406 2027 582 2092 CAPUT
621 2027 707 2095 Cllll.

140 2183 232 2284 Quod
253 2201 428 2270 substantia
455 2205 674 2269 intellectualis
697 2206 784 2288 cujus
810 2203 929 2269 otacilio
951 2223 1019 2268 mo-

181 2296 269 2378 piooe
292 2304 375 2358 ortes
397 2305 527 2358 utuntur
556 2315 616 2358 uon
651 2305 700 2358 est
730 2294 818 2359 molo
851 2293 1021 2360 secondom

182 2401 274 2447 soom
297 2394 455 2448 naturum.

160 2557 228 2624 Non
252 2571 298 2624 est
321 2572 423 2625 autem
448 2559 593 2646 possibile
616 2558 699 2644 qarod
723 2559 761 2622 sit
784 2558 931 2624 naturalis
954 2579 1020 2624 ma·

96 2641 157 2710 litia
181 2649 213 2713 in
248 2648 425 2714 substantiis
457 2649 716 2714 intellectualibus
740 2668 871 2734 quarum
906 2648 1019 2714 auxilio

96 2735 233 2819 magicae
253 2752 337 2803 'artes
360 2751 536 2824 operantur.

162 2825 194 2889 ln
220 2826 295 2890 illud
320 2828 402 2892 enim
428 2828 458 2890 in
483 2825 565 2912 quod
590 2824 703 2912 aliquid
729 2823 825 2888 tendit
847 2823 1018 2889 secundum

96 2929 181 2977 suam
204 2929 348 2979 naturam
371 2935 434 2980 nou
459 2914 555 2980 tendit
579 2935 633 2999 per
659 2913 880 2990 accidens,setl
898 2933 953 3000 por
975 2934 1019 2989 se,

95 2997 172 3064 sicut
195 3023 289 3087 grave
311 3005 467 3068 deorsum.
492 3003 563 3081 Sed,
586 3005 610 3067 si
636 3002 812 3087 hujusmodi
829 3002 1018 3068 substantiae

96 3086 315 3156 intellectuales
338 3092 508 3158 secundum
534 3109 620 3156 suam
638 3108 779 3154 naturam
792 3104 893 3155 essent
906 3090 1016 3168 malae,

95 3180 273 3246 naturaliter
295 3182 326 3245 in
351 3182 467 3246 malum
492 3181 661 3246 tenderent.
688 3179 756 3244 Non
782 3180 874 3263 igitur
890 3197 945 3264 per
967 3199 1020 3242 ao-

97 3265 211 3348 oidens,
235 3270 289 3334 sed
315 3289 369 3356 per
391 3290 435 3348 se,
459 3270 621 3334 tenderent
645 3268 682 3331 ad
698 3267 1018 3332 malumllocautem

98 3366 142 3417 est
165 3355 364 3444 impossibile
388 3372 544 3423 ostensum
571 3371 615 3423 est
638 3359 721 3421 euim
745 3377 838 3442 supra
872 3357 925 3441 (c.
951 3355 1019 3435 lb)

97 3443 179 3526 quod
206 3449 310 3512 omnia
336 3467 392 3534 per
426 3467 460 3512 se
483 3447 613 3512 tendunt
649 3445 688 3510 ad
722 3445 839 3510 bouum
873 3460 903 3513 et
941 3444 1016 3512 nibil

149 3552 188 3622 (l)
208 3556 285 3612 Teste
305 3556 332 3612 S.
350 3555 426 3627 Aug„
445 3558 477 3612 ole
498 3557 573 3612 Civit.
594 3558 654 3626 Dei,
673 3558 690 3610 l.
711 3556 753 3626 l0,
771 3573 793 3610 o.
814 3555 856 3612 ll.
