2462 3968
214 201 280 268 lli
501 218 557 264 ute.
579 219 620 264 ιιι.
645 217 708 266 ειι.
732 219 841 266 aaran.

216 289 301 378 quod
324 288 355 354 in
377 306 431 352 sua
454 299 564 354 natura
587 309 649 354 non
679 288 836 377 perficitur
858 288 916 355 nisi
939 287 969 353 in
1007 299 1141 354 eontra·

217 381 337 455 rietate;
359 377 557 444 contrarietas
581 379 665 442 enim
688 391 735 443 est
758 397 795 444 ex
829 376 1012 442 differentiis
1035 376 1145 442 deter-

216 464 406 534 minantibus
430 478 460 532 ει
483 466 735 532 contrahentibus
765 487 874 554 genus3
898 465 981 531 unde
1018 462 1084 546 (l),
1111 467 1143 529 in

217 557 394 642 acceptione
420 554 600 632 intellectus,
623 556 695 640 quia
718 569 765 620 est
803 554 992 634 universalis,
1015 553 1143 640 species

217 644 441 710 contrariorum
464 663 527 707 non
550 657 621 708 sunt
643 645 826 724 contrariae,
853 664 925 708 eum
948 643 1007 707 sint
1031 641 1142 706 simul.

222 733 358 820 Corpora
382 745 484 796 autem
508 732 649 796 caelestia
665 746 737 797 sunt
759 736 789 798 in
806 733 869 798 suis
886 732 1001 796 naturis
1017 730 1141 816 absque

218 823 303 888 omni
326 819 540 886 contrarietate
563 820 708 906 perlecta3
732 843 793 886 non
818 834 890 886 sunt
927 821 1008 885 enim
1044 819 1141 897 levia,

202 916 320 998 'neque
342 924 414 974 sunt
437 909 551 993 gravia,
589 930 690 997 neque
723 909 832 987 calida,
871 928 974 994 neque
1012 907 1141 993 frigida,
1222 927 1223 1000 p

217 1019 347 1087 corpora
371 1018 443 1062 verti
482 996 626 1062 interiora
662 1019 724 1064 tran
763 998 965 1084 perficiuntur
1002 998 1034 1062 in
1070 997 1141 1065 suis
1222 1011 1223 1016 ’

216 1087 334 1154 naturis
357 1085 415 1150 nisi
438 1106 509 1152 eunt
533 1085 633 1171 aliqua
657 1087 882 1165 contrarietate;
906 1099 936 1151 et
959 1085 1017 1151 hoe
1040 1086 1140 1150 etiam

217 1190 322 1242 motus
346 1195 453 1240 eorum
478 1173 677 1253 demonstran
699 1197 773 1240 nam
796 1177 893 1240 motui
917 1173 1055 1240 circulari
1067 1195 1139 1240 eor·

217 1286 328 1353 porum
352 1263 531 1330 caelestium
553 1283 616 1328 non
639 1278 684 1329 est
707 1264 823 1351 aliquid
839 1262 1141 1340 eontrarium,unde

217 1375 276 1420 nee
299 1355 394 1419 ineis
418 1351 562 1417 violentia
585 1372 652 1418 esse
675 1368 785 1440 potest;
816 1367 918 1418 motus
952 1366 1056 1416 autern
1094 1352 1141 1416 in·

218 1442 367 1509 seriorum
405 1461 570 1528 corporum
608 1442 753 1508 contrarii
777 1455 858 1520 sunt,
896 1440 1013 1508 seilicet
1036 1454 1140 1505 motus

219 1531 365 1598 deorsum
390 1530 486 1594 motui
503 1550 634 1594 sursum.
659 1529 795 1618 Corpora
812 1551 886 1616 ergo
910 1529 1052 1596 caelestia
1068 1541 1142 1594 sunt

222 1619 450 1686 universalioris
474 1617 593 1684 virtutis
616 1639 709 1705 quam
733 1639 862 1706 corpora
886 1617 1041 1684 inferiora.
1067 1617 1141 1682 Uni·

151 1779 155 1787 Ι
219 1711 353 1776 versalcs
378 1721 481 1772 autem
498 1707 624 1772 virtutes
648 1722 720 1774 sunt
742 1709 876 1774 motivae
905 1706 1140 1795 particularium

220 1800 301 1864 siout
323 1817 360 1862 ex
382 1797 534 1884 dietislo.
559 1794 628 1880 78)
653 1809 745 1882 patet.
780 1795 916 1884 Corpora
955 1815 1030 1880 ergo
1068 1815 1139 1860 oae-

220 1886 308 1953 lestia
331 1898 456 1950 mouent
479 1897 509 1948 et
531 1883 698 1970 disponunt
720 1905 850 1972 corpora
873 1884 1027 1950 inletiora.

286 1973 406 2053 Adhuc,
428 1969 593 2038 Ostensum
617 1986 662 2040 est
685 1995 776 2061 supra
800 1975 857 2061 (ε.
881 1973 954 2058 78)
978 1971 1060 2058 quod
1084 1991 1141 2058 per

222 2063 406 2130 substantias
429 2061 649 2128 intellectuales
673 2063 776 2128 omnia
800 2063 859 2128 alia
882 2075 1040 2147 reguntur.
1065 2059 1140 2126 Cor·

220 2174 296 2241 pora
320 2165 424 2217 autern
447 2149 589 2216 caelestia
611 2164 682 2217 sunt
706 2150 853 2218 similiora
891 2149 1069 2216 substantiis
1093 2151 1140 2213 in·

221 2241 446 2308 tellectualibus
470 2259 563 2326 quam
586 2238 644 2304 alia
673 2261 814 2328 corpora,
849 2239 1031 2326 inquantum
1069 2250 1141 2304 sunt

222 2329 476 2417 incorruptibilia
506 2340 577 2393 sunt
617 2327 710 2394 etiam
745 2329 790 2394 eis
823 2327 1055 2415 propinquiora,
1094 2329 1139 2392 in-

222 2432 372 2506 quantum
396 2418 434 2482 ab
458 2417 501 2482 eis
524 2416 702 2481 immediate
725 2431 899 2493 moventur,
935 2431 966 2481 ut
989 2436 1084 2503 supra
1108 2437 1142 2481 o·

223 2524 362 2574 stensum
385 2519 430 2572 est
455 2503 498 2588 (l.
522 2503 554 2583 ⁶2,
578 2525 605 2570 e.
628 2507 670 2570 70
695 2519 726 2570 et
748 2505 767 2572 l.
793 2506 824 2586 5,
846 2526 873 2572 c.
897 2505 939 2571 80
951 2507 974 2592 ).
999 2503 1059 2570 Per
1077 2505 1142 2593 ipsa

223 2598 319 2683 igitur
341 2608 490 2681 reguntur
506 2592 650 2660 inferiora
674 2614 816 2682 corpora.

288 2685 462 2762 Praeterea,
486 2679 613 2770 Oportet
646 2683 781 2769 primurn
816 2681 1000 2770 principium
1040 2696 1142 2748 motus

223 2794 292 2840 esse
316 2772 432 2860 aliquid
455 2770 625 2836 immobile.
650 2771 737 2854 Quae
760 2792 834 2857 ergo
858 2771 955 2856 magis
990 2771 1143 2837 accedunt

223 2863 263 2927 ad
286 2861 533 2927 immobilitatem
557 2859 671 2925 debent
693 2880 760 2926 esse
783 2861 914 2926 aliorum
927 2862 1052 2926 motiva.
1070 2860 1144 2927 Cor·

223 2972 299 3040 pora
323 2965 427 3017 autent
449 2946 590 3014 caelestia
614 2949 712 3034 magis
735 2949 885 3015 accedunt
915 2949 954 3013 ad
977 2950 1145 3016 immobili·

225 3054 319 3106 tatem
342 3039 434 3126 primi
466 3037 605 3126 principii
646 3057 739 3124 quarn
778 3036 933 3116 inferiora,
971 3039 1043 3126 quia
1080 3059 1144 3104 non

276 3213 319 3286 (l)
343 3214 424 3276 Unde,
444 3216 473 3266 in
495 3215 639 3282 acceptione
666 3213 842 3268 intellectae...
871 3213 889 3265 i.
919 3228 943 3268 e.
973 3213 1052 3281 untle,
1084 3229 1143 3266 cum

224 3289 369 3340 intellectus
387 3289 421 3339 sit
445 3285 612 3350 universalis,
642 3285 740 3355 speeies
769 3283 970 3352 contrariorum,
999 3285 1027 3336 in
1045 3300 1077 3338 eo
1103 3301 1143 3337 re·

224 3366 323 3428 ceptae,
348 3373 400 3410 non
418 3364 480 3410 sunt
498 3357 654 3424 contrariae,
672 3372 731 3409 oum
749 3357 802 3408 sint
820 3356 907 3409 simul.
924 3355 958 3408 Et
987 3356 1055 3423 ideo,
1085 3371 1141 3408 curu

224 3430 371 3552 intpltpotus
390 3428 526 3500 perficitur
544 3426 643 3498 absque
660 3428 858 3496 contrarietate,
880 3433 920 3482 est
947 3427 1140 3482 universalioris

178 3553 181 3560 ,
226 3516 266 3553 nr
279 3515 298 3551 u
310 3515 340 3552 rs.
