2452 3970
232 243 295 310 tta
562 266 617 310 tin.
641 266 683 309 ιιι.
707 265 770 311 car.
795 265 879 336 xtvlu.

228 333 333 397 Glossa
357 353 450 419 super
473 333 548 399 illud
572 334 762 400 Psalmistac:
780 335 957 399 Dimiuutuc
983 343 1055 398 suut
1092 353 1144 400 uc-

227 427 336 486 ritates
358 444 378 486 a
399 424 474 509 filiis
496 423 663 500 bominum,
686 423 797 488 Psalm.
824 423 875 502 ll,
899 423 929 500 2,
941 421 1013 487 dicit
1043 423 1143 509 quod,

225 511 304 575 sicut
325 509 365 574 ab
388 533 449 576 uuo
470 512 551 597 (acie
571 515 724 578 resideant
746 514 863 578 multoe
897 511 994 596 faciet
1016 512 1048 574 in
1069 532 1143 594 ape·

225 601 303 676 culo,
325 601 371 664 ito
393 599 433 664 ab
455 622 518 666 uuo
540 603 647 686 prium
671 605 801 666 acritate
834 602 988 666 resultant
1023 601 1146 665 multae

223 689 369 754 veritates
391 691 423 754 t'n
446 690 597 756 tuentibus
620 692 777 756 bominum
799 689 861 778 (l).

288 777 435 860 Quamvis
459 793 562 844 autem
586 780 705 844 diuersa
730 801 746 844 a
770 778 898 844 diversis
913 790 1144 863 cognoscantur

173 938 178 944 ‚
226 878 259 930 et
281 867 446 931 credantur
469 888 551 943 vera,
575 883 677 932 tamen
705 869 857 956 quaedam
896 882 969 933 sunt
1001 887 1070 930 vera
1109 867 1142 930 in

225 955 338 1039 quibus
361 976 468 1020 omues
492 957 633 1022 homines
650 957 849 1034 concordant,
865 956 943 1022 sicut
954 969 1026 1022 sunt
1039 954 1143 1040 prima

225 1043 372 1129 principia
396 1044 566 1111 intellectus
590 1061 650 1110 tam
667 1046 843 1133 speculativi
859 1065 951 1131 quam
964 1044 1079 1131 pratici,
1092 1065 1144 1108 se·

225 1130 1143 1219 eundumquoduniversaliterinmentibusliominumdivi·
1222 1189 1223 1196 ,

227 1239 286 1284 uae
308 1221 440 1288 ueritatis
455 1225 540 1308 quasi
565 1224 717 1310 quaedam
742 1225 843 1307 imago
854 1223 990 1287 resultat.
1006 1222 1144 1306 luquau-

227 1322 290 1374 tum
324 1330 399 1395 ergo
410 1311 563 1398 quaelibet
579 1333 666 1377 mens
682 1313 829 1398 quidquid
847 1331 902 1398 per
923 1312 1141 1376 certitudinem

225 1403 381 1484 cognoscit
405 1402 434 1464 in
459 1401 505 1466 liis
529 1402 685 1488 principiis
710 1403 855 1478 intuetur,
871 1401 1042 1464 secundum
1058 1419 1142 1484 quae
1222 1393 1223 1462 Ϊ

225 1487 264 1552 dc
302 1487 447 1554 omuibus
477 1489 642 1575 judicatur,
675 1489 751 1554 lacta
787 1488 974 1555 resolutione
1007 1487 1037 1552 iu
1061 1490 1139 1572 ipsa,

225 1575 336 1641 dicitur
359 1580 461 1642 omnia
486 1583 515 1643 in
540 1581 641 1644 diuina
677 1581 801 1643 acritate
825 1577 873 1642 vel
899 1579 930 1642 in
968 1578 1140 1642 ratiouibus

224 1667 355 1731 aeternis
378 1665 483 1732 videre
506 1682 536 1732 et
558 1667 728 1733 secundum
753 1688 805 1732 eas
829 1667 867 1730 de
890 1666 1033 1731 omnibus
1053 1664 1139 1748 judi-

223 1773 304 1820 care.
329 1755 363 1818 lit
385 1754 468 1821 bunc
491 1777 617 1822 sensum
640 1756 825 1822 confirmant
847 1755 940 1822 uerba
977 1755 1138 1838 Augustini

224 1842 276 1926 qui
300 1842 373 1908 dicit
398 1845 449 1928 (ἓ)
473 1845 554 1931 quod
578 1845 774 1911 scientiarum
796 1845 984 1932 spectamina
996 1845 1139 1932 uidentur

224 1931 254 1994 iu
279 1930 380 1996 diuina
406 1934 541 2009 veritate,
579 1935 657 2000 sicut
696 1934 823 1998 visibilia
850 1935 879 1998 in
914 1931 1139 2008 luminesulis‚

223 2039 302 2104 quae
324 2034 442 2086 constat
464 2042 526 2087 non
552 2024 648 2088 videri
672 2022 703 2087 in
727 2025 792 2109 ipso
807 2042 938 2108 corpore
961 2020 1047 2098 solis,
1082 2026 1139 2084 sed

224 2127 279 2192 per
313 2108 429 2188 lumen,
452 2111 534 2196 quod
559 2125 604 2178 est
639 2111 806 2177 similitudo
840 2111 951 2176 solaris
984 2109 1142 2188 claritatis,

224 2197 256 2262 in
280 2216 351 2262 aere
374 2213 404 2262 et
419 2200 570 2266 similibus
592 2201 774 2288 corporibus
799 2199 912 2265 relicta.

290 2285 331 2350 Ειι
355 2287 402 2352 bis
426 2309 501 2374 ergo
527 2291 625 2362 verbis
649 2289 808 2374 Augustini
832 2287 1038 2352 nonhabetur
1053 2286 1139 2372 quod

226 2371 309 2438 Deus
333 2376 470 2442 videatur
493 2378 662 2444 secundum
686 2398 773 2442 suam
797 2377 998 2441 substantiam
1025 2377 1056 2439 in
1081 2377 1142 2439 bae

225 2462 295 2541 vita,
317 2463 371 2528 sed
394 2466 494 2532 solum
518 2468 596 2532 sicut
618 2469 648 2532 in
672 2465 807 2553 speculo;
830 2465 915 2551 quod
935 2479 965 2530 et
976 2463 1142 2550 Apostolus

225 2549 264 2614 dc
279 2553 452 2637 cognitione
461 2554 552 2641 liujus
568 2557 646 2620 vitae
662 2554 836 2632 confitetur,
851 2553 965 2619 dicens:
997 2553 1142 2618 Videmus
1220 2573 1221 2592 ι

222 2660 303 2706 uitato
333 2663 393 2724 per
415 2645 623 2727 speculum‚l
655 2643 737 2722 Cor„
773 2644 825 2721 ld,
865 2643 915 2708 ta.
955 2643 1046 2724 Quod
1080 2645 1138 2707 etsi

184 2765 186 2772 ·
223 2748 312 2796 mens
336 2731 470 2798 bumana
494 2731 533 2798 de
566 2733 776 2820 propinquiori
811 2732 867 2796 Dei
905 2731 1144 2800 similitudinem

222 2835 431 2904 repraesentet
454 2842 546 2907 quam
569 2821 731 2887 inferiores
753 2835 922 2899 creaturae,
959 2835 1060 2884 tamen
1085 2841 1143 2885 cu-

222 2909 318 2990 guitio
342 2908 398 2973 Dei
422 2930 502 2996 quae
525 2930 564 2976 ex
592 2924 696 2976 mente
734 2909 869 2975 bumana
904 2909 999 2994 accipi
1038 2925 1143 2994 potest
1219 2905 1220 2920 ³

222 3015 286 3060 nnn
309 2999 428 3063 excedit
450 2997 525 3064 illud
549 3019 646 3086 genus
667 3001 849 3083 cognitionis
872 2999 955 3083 quod
978 3017 1014 3062 ex
1043 3017 1141 3062 sensi-

221 3085 334 3151 bilibus
356 3087 497 3166 sumitur,
531 3109 601 3154 cuua
625 3090 744 3176 etipsa
769 3089 807 3152 de
831 3087 931 3175 seipsa
971 3103 1143 3172 cognoscat

259 3261 298 3332 (l)
320 3263 345 3315 S.
363 3263 526 3335 Augustinus
544 3265 677 3335 (duanae
695 3270 724 3320 iu
741 3265 872 3332 Psalmos)
889 3262 1006 3318 sicdicit:
1027 3282 1042 3314 u
1061 3265 1142 3318 Veri·
1163 3271 1166 3278 '

220 3339 260 3387 tas
280 3345 397 3403 undosi,
416 3353 468 3407 qua
494 3335 660 3390 illustrantur
690 3339 791 3392 animae
809 3345 921 3390 sauctae:
940 3335 985 3388 scd
1012 3339 1139 3404 quoniam

221 3406 317 3459 multae
344 3417 405 3460 sunt
435 3410 546 3474 animae,
580 3410 607 3461 in
625 3409 689 3478 ipsis
707 3411 804 3462 multae
822 3407 1009 3461 veritatesdioi
1025 3418 1140 3476 possunt

219 3477 285 3528 sicut
303 3479 336 3531 ab
356 3496 408 3532 uua
429 3479 490 3532 lacie
509 3479 605 3532 multae
617 3481 645 3532 in
663 3482 774 3550 speculis
792 3480 916 3550 imagines
935 3487 1071 3548 apparent.
1090 3499 1105 3530 ιι

256 3547 292 3618 “l)
315 3549 342 3602 S·
360 3551 438 3619 Aug,
456 3549 573 3620 Sollium,
591 3551 607 3605 l.
630 3553 652 3621 l,
670 3568 692 3607 u.
710 3550 736 3604 8.
