<?xml version="1.0" encoding="UTF-8"?>
<!DOCTYPE html PUBLIC "-//W3C//DTD XHTML 1.0 Transitional//EN"
    "http://www.w3.org/TR/xhtml1/DTD/xhtml1-transitional.dtd">
<html xmlns="http://www.w3.org/1999/xhtml" xml:lang="en" lang="en">
 <head>
  <title>
</title>
<meta http-equiv="Content-Type" content="text/html;charset=utf-8" />
  <meta name='ocr-system' content='tesseract 3.04.00' />
  <meta name='ocr-capabilities' content='ocr_page ocr_carea ocr_par ocr_line ocrx_word'/>
</head>
<body>
  <div class='ocr_page' id='page_1' title='image "./sanctithomaeaqu00thomgoog_0329.png"; bbox 0 0 2514 3972; ppageno 0'>
   <div class='ocr_carea' id='block_1_1' title="bbox 209 188 1137 632">
    <p class='ocr_par' dir='ltr' id='par_1_1' title="bbox 211 188 837 258">
     <span class='ocr_line' id='line_1_1' title="bbox 211 188 837 258; baseline -0.005 -1"><span class='ocrx_word' id='word_1_1' title='bbox 211 188 276 258; x_wconf 70' lang='lat'><strong>524</strong></span> <span class='ocrx_word' id='word_1_2' title='bbox 546 209 602 253; x_wconf 84' lang='lat' dir='ltr'><strong>tra.</strong></span> <span class='ocrx_word' id='word_1_3' title='bbox 626 209 667 252; x_wconf 87' lang='lat' dir='ltr'><strong>ur.</strong></span> <span class='ocrx_word' id='word_1_4' title='bbox 692 206 756 252; x_wconf 82' lang='lat' dir='ltr'><strong>cnr.</strong></span> <span class='ocrx_word' id='word_1_5' title='bbox 780 207 837 254; x_wconf 83' lang='lat' dir='ltr'><strong>ott.</strong></span> 
     </span>
    </p>

    <p class='ocr_par' dir='ltr' id='par_1_2' title="bbox 209 272 1137 632">
     <span class='ocr_line' id='line_1_2' title="bbox 276 272 1137 364; baseline -0.006 -22"><span class='ocrx_word' id='word_1_6' title='bbox 276 275 401 356; x_wconf 66' lang='lat' dir='ltr'><strong>tldlrdc,</strong></span> <span class='ocrx_word' id='word_1_7' title='bbox 417 275 448 342; x_wconf 90' lang='lat' dir='ltr'><strong>Si</strong></span> <span class='ocrx_word' id='word_1_8' title='bbox 473 277 587 363; x_wconf 88' lang='lat' dir='ltr'><strong>aliquid</strong></span> <span class='ocrx_word' id='word_1_9' title='bbox 611 297 666 364; x_wconf 93' lang='lat' dir='ltr'><strong>per</strong></span> <span class='ocrx_word' id='word_1_10' title='bbox 682 277 867 363; x_wconf 86' lang='lat' dir='ltr'><strong>principium</strong></span> <span class='ocrx_word' id='word_1_11' title='bbox 879 272 958 339; x_wconf 83' lang='lat' dir='ltr'><strong>vitae</strong></span> <span class='ocrx_word' id='word_1_12' title='bbox 971 284 1137 338; x_wconf 78' lang='lat' dir='ltr'><strong>moveatur</strong></span> 
     </span>
     <span class='ocr_line' id='line_1_3' title="bbox 212 364 1137 453; baseline -0.006 -21"><span class='ocrx_word' id='word_1_13' title='bbox 212 386 341 432; x_wconf 87' lang='lat' dir='ltr'><strong>neccsse</strong></span> <span class='ocrx_word' id='word_1_14' title='bbox 365 379 409 431; x_wconf 89' lang='lat' dir='ltr'><strong>est</strong></span> <span class='ocrx_word' id='word_1_15' title='bbox 433 368 516 453; x_wconf 90' lang='lat' dir='ltr'><strong>quod</strong></span> <span class='ocrx_word' id='word_1_16' title='bbox 540 367 653 432; x_wconf 87' lang='lat' dir='ltr'><strong>babeat</strong></span> <span class='ocrx_word' id='word_1_17' title='bbox 674 387 812 442; x_wconf 89' lang='lat' dir='ltr'><strong>sensum;</strong></span> <span class='ocrx_word' id='word_1_18' title='bbox 828 385 955 430; x_wconf 88' lang='lat' dir='ltr'><strong>movens</strong></span> <span class='ocrx_word' id='word_1_19' title='bbox 978 364 1062 428; x_wconf 89' lang='lat' dir='ltr'><strong>enim</strong></span> <span class='ocrx_word' id='word_1_20' title='bbox 1087 376 1137 428; x_wconf 86' lang='lat' dir='ltr'><strong>est</strong></span> 
     </span>
     <span class='ocr_line' id='line_1_4' title="bbox 209 455 1136 536; baseline -0.005 -16"><span class='ocrx_word' id='word_1_21' title='bbox 209 475 319 520; x_wconf 89' lang='lat' dir='ltr'><strong>sensus</strong></span> <span class='ocrx_word' id='word_1_22' title='bbox 342 455 390 520; x_wconf 88' lang='lat' dir='ltr'><strong>vel</strong></span> <span class='ocrx_word' id='word_1_23' title='bbox 413 455 595 533; x_wconf 66' lang='lat' dir='ltr'><strong>intellectum</strong></span> <span class='ocrx_word' id='word_1_24' title='bbox 619 455 791 520; x_wconf 87' lang='lat' dir='ltr'><strong>intellectus</strong></span> <span class='ocrx_word' id='word_1_25' title='bbox 817 468 923 520; x_wconf 86' lang='lat' dir='ltr'><strong>autem</strong></span> <span class='ocrx_word' id='word_1_26' title='bbox 946 455 978 518; x_wconf 88' lang='lat' dir='ltr'><strong>in</strong></span> <span class='ocrx_word' id='word_1_27' title='bbox 1001 471 1136 536; x_wconf 78' lang='lat' dir='ltr'><strong>genera-</strong></span> 
     </span>
     <span class='ocr_line' id='line_1_5' title="bbox 209 541 1135 632; baseline -0.005 -22"><span class='ocrx_word' id='word_1_28' title='bbox 209 544 322 610; x_wconf 89' lang='lat' dir='ltr'><strong>bilibus</strong></span> <span class='ocrx_word' id='word_1_29' title='bbox 346 557 376 608; x_wconf 90' lang='lat' dir='ltr'><strong>et</strong></span> <span class='ocrx_word' id='word_1_30' title='bbox 398 545 649 632; x_wconf 77' lang='lat' dir='ltr'><strong>corruptibilibus</strong></span> <span class='ocrx_word' id='word_1_31' title='bbox 672 565 735 609; x_wconf 91' lang='lat' dir='ltr'><strong>nou</strong></span> <span class='ocrx_word' id='word_1_32' title='bbox 749 558 794 608; x_wconf 88' lang='lat' dir='ltr'><strong>est</strong></span> <span class='ocrx_word' id='word_1_33' title='bbox 818 541 1135 608; x_wconf 85' lang='lat' dir='ltr'><strong>sinescnsu.Sensus</strong></span> 
     </span>
    </p>
   </div>
   <div class='ocr_carea' id='block_1_2' title="bbox 210 633 1242 898">
    <p class='ocr_par' dir='ltr' id='par_1_3' title="bbox 210 633 1242 898">
     <span class='ocr_line' id='line_1_6' title="bbox 210 633 1242 720; baseline -0.005 -22"><span class='ocrx_word' id='word_1_34' title='bbox 210 647 314 698; x_wconf 90' lang='lat' dir='ltr'><strong>autem</strong></span> <span class='ocrx_word' id='word_1_35' title='bbox 339 653 400 698; x_wconf 89' lang='lat' dir='ltr'><strong>non</strong></span> <span class='ocrx_word' id='word_1_36' title='bbox 425 649 614 720; x_wconf 87' lang='lat' dir='ltr'><strong>potestesse</strong></span> <span class='ocrx_word' id='word_1_37' title='bbox 638 633 689 697; x_wconf 93' lang='lat' dir='ltr'><strong>ubi</strong></span> <span class='ocrx_word' id='word_1_38' title='bbox 715 655 777 698; x_wconf 91' lang='lat' dir='ltr'><strong>non</strong></span> <span class='ocrx_word' id='word_1_39' title='bbox 801 647 848 698; x_wconf 89' lang='lat' dir='ltr'><strong>est</strong></span> <span class='ocrx_word' id='word_1_40' title='bbox 871 645 979 707; x_wconf 82' lang='lat' dir='ltr'><strong>tactus,</strong></span> <span class='ocrx_word' id='word_1_41' title='bbox 1003 650 1061 696; x_wconf 89' lang='lat' dir='ltr'><strong>nec</strong></span> <span class='ocrx_word' id='word_1_42' title='bbox 1089 644 1137 694; x_wconf 90' lang='lat' dir='ltr'><strong>ta·</strong></span> <span class='ocrx_word' id='word_1_43' title='bbox 1241 663 1242 708; x_wconf 56' lang='lat' dir='ltr'><strong>p</strong></span> 
     </span>
     <span class='ocr_line' id='line_1_7' title="bbox 210 711 1242 808; baseline -0.006 -20"><span class='ocrx_word' id='word_1_44' title='bbox 210 736 277 788; x_wconf 89' lang='lat' dir='ltr'><strong>ctus</strong></span> <span class='ocrx_word' id='word_1_45' title='bbox 301 723 368 787; x_wconf 89' lang='lat' dir='ltr'><strong>sine</strong></span> <span class='ocrx_word' id='word_1_46' title='bbox 391 743 508 807; x_wconf 81' lang='lat' dir='ltr'><strong>organo</strong></span> <span class='ocrx_word' id='word_1_47' title='bbox 532 723 633 786; x_wconf 91' lang='lat' dir='ltr'><strong>medie</strong></span> <span class='ocrx_word' id='word_1_48' title='bbox 656 736 826 808; x_wconf 89' lang='lat' dir='ltr'><strong>temperato</strong></span> <span class='ocrx_word' id='word_1_49' title='bbox 852 717 913 808; x_wconf 80' lang='lat' dir='ltr'><strong>(l);</strong></span> <span class='ocrx_word' id='word_1_50' title='bbox 937 721 1003 786; x_wconf 89' lang='lat' dir='ltr'><strong>talis</strong></span> <span class='ocrx_word' id='word_1_51' title='bbox 1026 733 1135 784; x_wconf 88' lang='lat' dir='ltr'><strong>autem</strong></span> <span class='ocrx_word' id='word_1_52' title='bbox 1241 711 1242 748; x_wconf 62' lang='lat'><em>³</em></span> 
     </span>
     <span class='ocr_line' id='line_1_8' title="bbox 211 807 1242 898; baseline -0.006 -22"><span class='ocrx_word' id='word_1_53' title='bbox 211 812 392 898; x_wconf 82' lang='lat' dir='ltr'><strong>temperies·</strong></span> <span class='ocrx_word' id='word_1_54' title='bbox 416 833 478 876; x_wconf 90' lang='lat' dir='ltr'><strong>nnn</strong></span> <span class='ocrx_word' id='word_1_55' title='bbox 518 811 673 876; x_wconf 82' lang='lat' dir='ltr'><strong>invenitur</strong></span> <span class='ocrx_word' id='word_1_56' title='bbox 712 813 742 876; x_wconf 92' lang='lat' dir='ltr'><strong>in</strong></span> <span class='ocrx_word' id='word_1_57' title='bbox 777 811 880 897; x_wconf 89' lang='lat' dir='ltr'><strong>lapide</strong></span> <span class='ocrx_word' id='word_1_58' title='bbox 915 809 963 875; x_wconf 85' lang='lat' dir='ltr'><strong>vel</strong></span> <span class='ocrx_word' id='word_1_59' title='bbox 986 828 1058 874; x_wconf 87' lang='lat' dir='ltr'><strong>aera</strong></span> <span class='ocrx_word' id='word_1_60' title='bbox 1084 807 1135 872; x_wconf 86' lang='lat' dir='ltr'><strong>vel</strong></span> <span class='ocrx_word' id='word_1_61' title='bbox 1241 815 1242 834; x_wconf 43' lang='lat' dir='ltr'><strong>l</strong></span> 
     </span>
    </p>
   </div>
   <div class='ocr_carea' id='block_1_3' title="bbox 209 897 1139 1877">
    <p class='ocr_par' dir='ltr' id='par_1_4' title="bbox 211 897 1135 1144">
     <span class='ocr_line' id='line_1_9' title="bbox 211 897 1135 986; baseline -0.006 -20"><span class='ocrx_word' id='word_1_62' title='bbox 211 900 349 975; x_wconf 84' lang='lat' dir='ltr'><strong>metallo,</strong></span> <span class='ocrx_word' id='word_1_63' title='bbox 372 919 408 964; x_wconf 86' lang='lat' dir='ltr'><strong>ex</strong></span> <span class='ocrx_word' id='word_1_64' title='bbox 432 921 494 986; x_wconf 92' lang='lat' dir='ltr'><strong>qun</strong></span> <span class='ocrx_word' id='word_1_65' title='bbox 519 899 552 964; x_wconf 88' lang='lat' dir='ltr'><strong>lit</strong></span> <span class='ocrx_word' id='word_1_66' title='bbox 574 914 685 966; x_wconf 85' lang='lat' dir='ltr'><strong>statua.</strong></span> <span class='ocrx_word' id='word_1_67' title='bbox 710 899 776 964; x_wconf 88' lang='lat' dir='ltr'><strong>Non</strong></span> <span class='ocrx_word' id='word_1_68' title='bbox 801 914 847 964; x_wconf 89' lang='lat' dir='ltr'><strong>est</strong></span> <span class='ocrx_word' id='word_1_69' title='bbox 870 899 962 983; x_wconf 81' lang='lat' dir='ltr'><strong>igitur</strong></span> <span class='ocrx_word' id='word_1_70' title='bbox 985 897 1135 985; x_wconf 91' lang='lat' dir='ltr'><strong>possibile</strong></span> 
     </span>
     <span class='ocr_line' id='line_1_10' title="bbox 211 986 1135 1076; baseline -0.004 -22"><span class='ocrx_word' id='word_1_71' title='bbox 211 989 295 1076; x_wconf 81' lang='lat' dir='ltr'><strong>quod</strong></span> <span class='ocrx_word' id='word_1_72' title='bbox 320 989 495 1074; x_wconf 83' lang='lat' dir='ltr'><strong>hujusmodi</strong></span> <span class='ocrx_word' id='word_1_73' title='bbox 519 1002 637 1056; x_wconf 86' lang='lat' dir='ltr'><strong>statuae</strong></span> <span class='ocrx_word' id='word_1_74' title='bbox 661 1004 843 1054; x_wconf 88' lang='lat' dir='ltr'><strong>moveantur</strong></span> <span class='ocrx_word' id='word_1_75' title='bbox 866 1009 921 1075; x_wconf 88' lang='lat' dir='ltr'><strong>per</strong></span> <span class='ocrx_word' id='word_1_76' title='bbox 944 986 1135 1075; x_wconf 85' lang='lat' dir='ltr'><strong>principium</strong></span> 
     </span>
     <span class='ocr_line' id='line_1_11' title="bbox 213 1095 302 1144; baseline 0 -2"><span class='ocrx_word' id='word_1_77' title='bbox 213 1095 302 1144; x_wconf 82' lang='lat' dir='ltr'><strong>vitae.</strong></span> 
     </span>
    </p>

    <p class='ocr_par' dir='ltr' id='par_1_5' title="bbox 209 1164 1139 1877">
     <span class='ocr_line' id='line_1_12' title="bbox 278 1164 1136 1254; baseline -0.006 -22"><span class='ocrx_word' id='word_1_78' title='bbox 278 1164 427 1252; x_wconf 82' lang='lat' dir='ltr'><strong>Amplius,</strong></span> <span class='ocrx_word' id='word_1_79' title='bbox 450 1165 587 1232; x_wconf 88' lang='lat' dir='ltr'><strong>Viventio</strong></span> <span class='ocrx_word' id='word_1_80' title='bbox 611 1165 745 1254; x_wconf 87' lang='lat' dir='ltr'><strong>perlecta</strong></span> <span class='ocrx_word' id='word_1_81' title='bbox 770 1187 831 1231; x_wconf 93' lang='lat' dir='ltr'><strong>non</strong></span> <span class='ocrx_word' id='word_1_82' title='bbox 854 1165 955 1232; x_wconf 92' lang='lat' dir='ltr'><strong>solum</strong></span> <span class='ocrx_word' id='word_1_83' title='bbox 978 1183 1136 1249; x_wconf 77' lang='lat' dir='ltr'><strong>generau-</strong></span> 
     </span>
     <span class='ocr_line' id='line_1_13' title="bbox 212 1254 1137 1334; baseline -0.003 -15"><span class='ocrx_word' id='word_1_84' title='bbox 212 1268 262 1320; x_wconf 88' lang='lat' dir='ltr'><strong>tur</strong></span> <span class='ocrx_word' id='word_1_85' title='bbox 284 1276 322 1320; x_wconf 85' lang='lat' dir='ltr'><strong>ex</strong></span> <span class='ocrx_word' id='word_1_86' title='bbox 346 1258 456 1320; x_wconf 87' lang='lat' dir='ltr'><strong>virtute</strong></span> <span class='ocrx_word' id='word_1_87' title='bbox 478 1257 613 1334; x_wconf 85' lang='lat' dir='ltr'><strong>caelesti,</strong></span> <span class='ocrx_word' id='word_1_88' title='bbox 636 1257 691 1321; x_wconf 89' lang='lat' dir='ltr'><strong>sed</strong></span> <span class='ocrx_word' id='word_1_89' title='bbox 714 1257 806 1320; x_wconf 89' lang='lat' dir='ltr'><strong>etiam</strong></span> <span class='ocrx_word' id='word_1_90' title='bbox 831 1276 867 1320; x_wconf 84' lang='lat' dir='ltr'><strong>ex</strong></span> <span class='ocrx_word' id='word_1_91' title='bbox 884 1254 1019 1330; x_wconf 73' lang='lat' dir='ltr'><strong>semina</strong></span> <span class='ocrx_word' id='word_1_92' title='bbox 1036 1254 1137 1318; x_wconf 88' lang='lat' dir='ltr'><strong>bomo</strong></span> 
     </span>
     <span class='ocr_line' id='line_1_14' title="bbox 212 1343 1139 1429; baseline -0.004 -19"><span class='ocrx_word' id='word_1_93' title='bbox 212 1345 295 1410; x_wconf 88' lang='lat' dir='ltr'><strong>enim</strong></span> <span class='ocrx_word' id='word_1_94' title='bbox 319 1359 445 1429; x_wconf 80' lang='lat' dir='ltr'><strong>generat</strong></span> <span class='ocrx_word' id='word_1_95' title='bbox 467 1345 627 1410; x_wconf 90' lang='lat' dir='ltr'><strong>bominem</strong></span> <span class='ocrx_word' id='word_1_96' title='bbox 651 1358 681 1409; x_wconf 89' lang='lat' dir='ltr'><strong>et</strong></span> <span class='ocrx_word' id='word_1_97' title='bbox 703 1345 758 1410; x_wconf 86' lang='lat' dir='ltr'><strong>sol.</strong></span> <span class='ocrx_word' id='word_1_98' title='bbox 783 1345 870 1427; x_wconf 81' lang='lat' dir='ltr'><strong>Quae</strong></span> <span class='ocrx_word' id='word_1_99' title='bbox 894 1356 997 1409; x_wconf 86' lang='lat' dir='ltr'><strong>autem</strong></span> <span class='ocrx_word' id='word_1_100' title='bbox 1021 1343 1139 1407; x_wconf 79' lang='lat' dir='ltr'><strong>virtute</strong></span> 
     </span>
     <span class='ocr_line' id='line_1_15' title="bbox 211 1431 1135 1519; baseline -0.003 -21"><span class='ocrx_word' id='word_1_101' title='bbox 211 1433 333 1499; x_wconf 87' lang='lat' dir='ltr'><strong>caelesti</strong></span> <span class='ocrx_word' id='word_1_102' title='bbox 357 1433 423 1498; x_wconf 89' lang='lat' dir='ltr'><strong>sine</strong></span> <span class='ocrx_word' id='word_1_103' title='bbox 446 1434 565 1499; x_wconf 91' lang='lat' dir='ltr'><strong>semine</strong></span> <span class='ocrx_word' id='word_1_104' title='bbox 588 1449 776 1519; x_wconf 79' lang='lat' dir='ltr'><strong>generentur</strong></span> <span class='ocrx_word' id='word_1_105' title='bbox 799 1446 870 1498; x_wconf 88' lang='lat' dir='ltr'><strong>sunt</strong></span> <span class='ocrx_word' id='word_1_106' title='bbox 897 1431 1042 1498; x_wconf 87' lang='lat' dir='ltr'><strong>animalia</strong></span> <span class='ocrx_word' id='word_1_107' title='bbox 1077 1451 1135 1516; x_wconf 78' lang='lat' dir='ltr'><strong>ge·</strong></span> 
     </span>
     <span class='ocr_line' id='line_1_16' title="bbox 214 1519 1137 1609; baseline -0.004 -21"><span class='ocrx_word' id='word_1_108' title='bbox 214 1537 319 1588; x_wconf 88' lang='lat' dir='ltr'><strong>uerata</strong></span> <span class='ocrx_word' id='word_1_109' title='bbox 339 1542 376 1587; x_wconf 80' lang='lat' dir='ltr'><strong>ex</strong></span> <span class='ocrx_word' id='word_1_110' title='bbox 400 1522 633 1609; x_wconf 76' lang='lat' dir='ltr'><strong>putrefactione,</strong></span> <span class='ocrx_word' id='word_1_111' title='bbox 659 1543 739 1609; x_wconf 87' lang='lat' dir='ltr'><strong>quae</strong></span> <span class='ocrx_word' id='word_1_112' title='bbox 763 1523 843 1588; x_wconf 90' lang='lat' dir='ltr'><strong>inter</strong></span> <span class='ocrx_word' id='word_1_113' title='bbox 865 1521 924 1586; x_wconf 89' lang='lat' dir='ltr'><strong>alia</strong></span> <span class='ocrx_word' id='word_1_114' title='bbox 948 1519 1137 1605; x_wconf 77' lang='lat' dir='ltr'><strong>ignobiliora</strong></span> 
     </span>
     <span class='ocr_line' id='line_1_17' title="bbox 213 1610 1137 1699; baseline -0.002 -23"><span class='ocrx_word' id='word_1_115' title='bbox 213 1625 295 1677; x_wconf 88' lang='lat' dir='ltr'><strong>sunt.</strong></span> <span class='ocrx_word' id='word_1_116' title='bbox 319 1610 351 1676; x_wconf 87' lang='lat' dir='ltr'><strong>Si</strong></span> <span class='ocrx_word' id='word_1_117' title='bbox 377 1612 469 1696; x_wconf 78' lang='lat' dir='ltr'><strong>igitur</strong></span> <span class='ocrx_word' id='word_1_118' title='bbox 492 1633 547 1699; x_wconf 87' lang='lat' dir='ltr'><strong>per</strong></span> <span class='ocrx_word' id='word_1_119' title='bbox 569 1612 711 1676; x_wconf 75' lang='lat' dir='ltr'><strong>uirtutem</strong></span> <span class='ocrx_word' id='word_1_120' title='bbox 735 1611 899 1678; x_wconf 88' lang='lat' dir='ltr'><strong>caelestem</strong></span> <span class='ocrx_word' id='word_1_121' title='bbox 936 1611 1036 1674; x_wconf 87' lang='lat' dir='ltr'><strong>solam</strong></span> <span class='ocrx_word' id='word_1_122' title='bbox 1073 1610 1137 1674; x_wconf 91' lang='lat' dir='ltr'><strong>bu-</strong></span> 
     </span>
     <span class='ocr_line' id='line_1_18' title="bbox 209 1698 1139 1788; baseline -0.003 -24"><span class='ocrx_word' id='word_1_123' title='bbox 209 1698 348 1785; x_wconf 83' lang='lat' dir='ltr'><strong>jusmodi</strong></span> <span class='ocrx_word' id='word_1_124' title='bbox 381 1715 499 1766; x_wconf 83' lang='lat' dir='ltr'><strong>statuae</strong></span> <span class='ocrx_word' id='word_1_125' title='bbox 536 1703 707 1766; x_wconf 86' lang='lat' dir='ltr'><strong>sortiuntur</strong></span> <span class='ocrx_word' id='word_1_126' title='bbox 745 1701 929 1788; x_wconf 90' lang='lat' dir='ltr'><strong>principium</strong></span> <span class='ocrx_word' id='word_1_127' title='bbox 967 1699 1057 1776; x_wconf 85' lang='lat' dir='ltr'><strong>vitae,</strong></span> <span class='ocrx_word' id='word_1_128' title='bbox 1076 1716 1139 1783; x_wconf 88' lang='lat' dir='ltr'><strong>per</strong></span> 
     </span>
     <span class='ocr_line' id='line_1_19' title="bbox 214 1787 1136 1877; baseline -0.003 -23"><span class='ocrx_word' id='word_1_129' title='bbox 214 1788 298 1874; x_wconf 86' lang='lat' dir='ltr'><strong>quod</strong></span> <span class='ocrx_word' id='word_1_130' title='bbox 322 1803 466 1856; x_wconf 82' lang='lat' dir='ltr'><strong>moveant</strong></span> <span class='ocrx_word' id='word_1_131' title='bbox 487 1789 598 1877; x_wconf 88' lang='lat' dir='ltr'><strong>seipsa,</strong></span> <span class='ocrx_word' id='word_1_132' title='bbox 622 1803 743 1876; x_wconf 86' lang='lat' dir='ltr'><strong>oportet</strong></span> <span class='ocrx_word' id='word_1_133' title='bbox 766 1810 802 1854; x_wconf 91' lang='lat' dir='ltr'><strong>ea</strong></span> <span class='ocrx_word' id='word_1_134' title='bbox 825 1809 892 1854; x_wconf 90' lang='lat' dir='ltr'><strong>esse</strong></span> <span class='ocrx_word' id='word_1_135' title='bbox 908 1787 1136 1874; x_wconf 80' lang='lat' dir='ltr'><strong>ignobilissima</strong></span> 
     </span>
    </p>
   </div>
   <div class='ocr_carea' id='block_1_4' title="bbox 213 1877 1242 1964">
    <p class='ocr_par' dir='ltr' id='par_1_6' title="bbox 213 1877 1242 1964">
     <span class='ocr_line' id='line_1_20' title="bbox 213 1877 1242 1964; baseline 0.003 -23"><span class='ocrx_word' id='word_1_136' title='bbox 213 1877 293 1942; x_wconf 86' lang='lat' dir='ltr'><strong>inter</strong></span> <span class='ocrx_word' id='word_1_137' title='bbox 331 1878 488 1956; x_wconf 83' lang='lat' dir='ltr'><strong>animalia3</strong></span> <span class='ocrx_word' id='word_1_138' title='bbox 525 1878 610 1964; x_wconf 89' lang='lat' dir='ltr'><strong>quod</strong></span> <span class='ocrx_word' id='word_1_139' title='bbox 648 1894 751 1943; x_wconf 91' lang='lat' dir='ltr'><strong>tamen</strong></span> <span class='ocrx_word' id='word_1_140' title='bbox 775 1894 855 1943; x_wconf 88' lang='lat' dir='ltr'><strong>esset</strong></span> <span class='ocrx_word' id='word_1_141' title='bbox 879 1877 1000 1956; x_wconf 86' lang='lat' dir='ltr'><strong>ialsum,</strong></span> <span class='ocrx_word' id='word_1_142' title='bbox 1027 1877 1136 1962; x_wconf 87' lang='lat' dir='ltr'><strong>siper</strong></span> <span class='ocrx_word' id='word_1_143' title='bbox 1241 1921 1242 1944; x_wconf 58' lang='lat' dir='ltr'><strong>i</strong></span> 
     </span>
    </p>
   </div>
   <div class='ocr_carea' id='block_1_5' title="bbox 212 1947 1242 2143">
    <p class='ocr_par' dir='ltr' id='par_1_7' title="bbox 212 1947 1242 2143">
     <span class='ocr_line' id='line_1_21' title="bbox 213 1947 1242 2054; baseline -0.002 -24"><span class='ocrx_word' id='word_1_144' title='bbox 213 1966 397 2053; x_wconf 87' lang='lat' dir='ltr'><strong>principium</strong></span> <span class='ocrx_word' id='word_1_145' title='bbox 422 1968 502 2032; x_wconf 85' lang='lat' dir='ltr'><strong>vitae</strong></span> <span class='ocrx_word' id='word_1_146' title='bbox 524 1968 725 2033; x_wconf 88' lang='lat' dir='ltr'><strong>intrinsecum</strong></span> <span class='ocrx_word' id='word_1_147' title='bbox 748 1981 961 2054; x_wconf 87' lang='lat' dir='ltr'><strong>operarentur;</strong></span> <span class='ocrx_word' id='word_1_148' title='bbox 988 1983 1060 2030; x_wconf 87' lang='lat' dir='ltr'><strong>nam</strong></span> <span class='ocrx_word' id='word_1_149' title='bbox 1099 1963 1137 2028; x_wconf 85' lang='lat' dir='ltr'><strong>in</strong></span> <span class='ocrx_word' id='word_1_150' title='bbox 1241 1947 1242 1982; x_wconf 50' lang='lat'>³</span> 
     </span>
     <span class='ocr_line' id='line_1_22' title="bbox 212 2055 1135 2143; baseline -0.002 -24"><span class='ocrx_word' id='word_1_151' title='bbox 212 2074 320 2119; x_wconf 92' lang='lat' dir='ltr'><strong>earum</strong></span> <span class='ocrx_word' id='word_1_152' title='bbox 344 2055 461 2122; x_wconf 85' lang='lat' dir='ltr'><strong>actibus</strong></span> <span class='ocrx_word' id='word_1_153' title='bbox 484 2071 633 2143; x_wconf 86' lang='lat' dir='ltr'><strong>apparent</strong></span> <span class='ocrx_word' id='word_1_154' title='bbox 660 2057 780 2122; x_wconf 89' lang='lat' dir='ltr'><strong>nobiles</strong></span> <span class='ocrx_word' id='word_1_155' title='bbox 817 2056 1025 2143; x_wconf 76' lang='lat' dir='ltr'><strong>operationes,</strong></span> <span class='ocrx_word' id='word_1_156' title='bbox 1059 2073 1135 2118; x_wconf 89' lang='lat' dir='ltr'><strong>cum</strong></span> 
     </span>
    </p>
   </div>
   <div class='ocr_carea' id='block_1_6' title="bbox 211 2141 1138 2230">
    <p class='ocr_par' dir='ltr' id='par_1_8' title="bbox 211 2141 1242 2230">
     <span class='ocr_line' id='line_1_23' title="bbox 211 2141 1138 2230; baseline 0.002 -22"><span class='ocrx_word' id='word_1_157' title='bbox 211 2143 419 2230; x_wconf 86' lang='lat' dir='ltr'><strong>respondeant</strong></span> <span class='ocrx_word' id='word_1_158' title='bbox 442 2145 482 2210; x_wconf 89' lang='lat' dir='ltr'><strong>de</strong></span> <span class='ocrx_word' id='word_1_159' title='bbox 505 2145 641 2210; x_wconf 87' lang='lat' dir='ltr'><strong>occultis.</strong></span> <span class='ocrx_word' id='word_1_160' title='bbox 676 2145 743 2211; x_wconf 84' lang='lat' dir='ltr'><strong>Non</strong></span> <span class='ocrx_word' id='word_1_161' title='bbox 779 2158 824 2210; x_wconf 86' lang='lat' dir='ltr'><strong>cst</strong></span> <span class='ocrx_word' id='word_1_162' title='bbox 856 2144 948 2229; x_wconf 81' lang='lat' dir='ltr'><strong>igitur</strong></span> <span class='ocrx_word' id='word_1_163' title='bbox 986 2141 1138 2229; x_wconf 87' lang='lat' dir='ltr'><strong>possibile</strong></span> 
     </span>
    </p>
   </div>
   <div class='ocr_carea' id='block_1_7' title="bbox 210 2230 1137 2498">
    <p class='ocr_par' dir='ltr' id='par_1_9' title="bbox 210 2230 1137 2498">
     <span class='ocr_line' id='line_1_24' title="bbox 211 2230 1135 2322; baseline -0.004 -24"><span class='ocrx_word' id='word_1_164' title='bbox 211 2233 294 2321; x_wconf 90' lang='lat' dir='ltr'><strong>quod</strong></span> <span class='ocrx_word' id='word_1_165' title='bbox 317 2248 485 2321; x_wconf 91' lang='lat' dir='ltr'><strong>operentur</strong></span> <span class='ocrx_word' id='word_1_166' title='bbox 509 2234 557 2299; x_wconf 90' lang='lat' dir='ltr'><strong>vel</strong></span> <span class='ocrx_word' id='word_1_167' title='bbox 571 2249 754 2300; x_wconf 86' lang='lat' dir='ltr'><strong>moveantur</strong></span> <span class='ocrx_word' id='word_1_168' title='bbox 770 2255 824 2322; x_wconf 89' lang='lat' dir='ltr'><strong>per</strong></span> <span class='ocrx_word' id='word_1_169' title='bbox 838 2232 1024 2320; x_wconf 83' lang='lat' dir='ltr'><strong>principium</strong></span> <span class='ocrx_word' id='word_1_170' title='bbox 1041 2230 1135 2295; x_wconf 86' lang='lat' dir='ltr'><strong>vitae.</strong></span> 
     </span>
     <span class='ocr_line' id='line_1_25' title="bbox 283 2319 1135 2400; baseline -0.002 -14"><span class='ocrx_word' id='word_1_171' title='bbox 283 2323 371 2400; x_wconf 86' lang='lat' dir='ltr'><strong>item,</strong></span> <span class='ocrx_word' id='word_1_172' title='bbox 409 2323 556 2389; x_wconf 85' lang='lat' dir='ltr'><strong>Ellectum</strong></span> <span class='ocrx_word' id='word_1_173' title='bbox 596 2323 767 2389; x_wconf 85' lang='lat' dir='ltr'><strong>naturalem</strong></span> <span class='ocrx_word' id='word_1_174' title='bbox 806 2324 917 2387; x_wconf 83' lang='lat' dir='ltr'><strong>virtute</strong></span> <span class='ocrx_word' id='word_1_175' title='bbox 951 2319 1135 2386; x_wconf 83' lang='lat' dir='ltr'><strong>caelestium</strong></span> 
     </span>
     <span class='ocr_line' id='line_1_26' title="bbox 210 2409 1137 2498; baseline -0.002 -22"><span class='ocrx_word' id='word_1_176' title='bbox 210 2430 376 2496; x_wconf 88' lang='lat' dir='ltr'><strong>corporum</strong></span> <span class='ocrx_word' id='word_1_177' title='bbox 400 2411 584 2498; x_wconf 88' lang='lat' dir='ltr'><strong>productum</strong></span> <span class='ocrx_word' id='word_1_178' title='bbox 608 2413 757 2498; x_wconf 77' lang='lat' dir='ltr'><strong>contingit</strong></span> <span class='ocrx_word' id='word_1_179' title='bbox 780 2412 909 2476; x_wconf 88' lang='lat' dir='ltr'><strong>inveniri</strong></span> <span class='ocrx_word' id='word_1_180' title='bbox 927 2409 1043 2495; x_wconf 86' lang='lat' dir='ltr'><strong>absque</strong></span> <span class='ocrx_word' id='word_1_181' title='bbox 1057 2412 1137 2474; x_wconf 86' lang='lat' dir='ltr'><strong>artis</strong></span> 
     </span>
    </p>
   </div>
   <div class='ocr_carea' id='block_1_8' title="bbox 209 2499 1242 2853">
    <p class='ocr_par' dir='ltr' id='par_1_10' title="bbox 209 2499 1242 2853">
     <span class='ocr_line' id='line_1_27' title="bbox 209 2499 1242 2596; baseline -0.002 -33"><span class='ocrx_word' id='word_1_182' title='bbox 209 2499 400 2585; x_wconf 61' lang='lat' dir='ltr'><strong>operatione</strong></span> <span class='ocrx_word' id='word_1_183' title='bbox 423 2501 478 2566; x_wconf 88' lang='lat' dir='ltr'><strong>etsi</strong></span> <span class='ocrx_word' id='word_1_184' title='bbox 502 2503 586 2567; x_wconf 89' lang='lat' dir='ltr'><strong>enim</strong></span> <span class='ocrx_word' id='word_1_185' title='bbox 610 2501 714 2588; x_wconf 89' lang='lat' dir='ltr'><strong>aliquo</strong></span> <span class='ocrx_word' id='word_1_186' title='bbox 737 2501 866 2566; x_wconf 88' lang='lat' dir='ltr'><strong>artilinio</strong></span> <span class='ocrx_word' id='word_1_187' title='bbox 889 2500 998 2586; x_wconf 88' lang='lat' dir='ltr'><strong>aliquis</strong></span> <span class='ocrx_word' id='word_1_188' title='bbox 1021 2517 1137 2585; x_wconf 83' lang='lat' dir='ltr'><strong>opere·</strong></span> <span class='ocrx_word' id='word_1_189' title='bbox 1241 2527 1242 2596; x_wconf 17' lang='grc' dir='ltr'>ἦ</span> 
     </span>
     <span class='ocr_line' id='line_1_28' title="bbox 212 2585 1242 2676; baseline 0.001 -26"><span class='ocrx_word' id='word_1_190' title='bbox 212 2599 261 2654; x_wconf 86' lang='lat' dir='ltr'><strong>tur</strong></span> <span class='ocrx_word' id='word_1_191' title='bbox 284 2587 323 2654; x_wconf 91' lang='lat' dir='ltr'><strong>ad</strong></span> <span class='ocrx_word' id='word_1_192' title='bbox 346 2591 578 2674; x_wconf 81' lang='lat' dir='ltr'><strong>generationem</strong></span> <span class='ocrx_word' id='word_1_193' title='bbox 602 2611 747 2655; x_wconf 89' lang='lat' dir='ltr'><strong>ranarum</strong></span> <span class='ocrx_word' id='word_1_194' title='bbox 772 2590 819 2654; x_wconf 86' lang='lat' dir='ltr'><strong>vel</strong></span> <span class='ocrx_word' id='word_1_195' title='bbox 836 2589 1009 2676; x_wconf 85' lang='lat' dir='ltr'><strong>aliquorum</strong></span> <span class='ocrx_word' id='word_1_196' title='bbox 1025 2585 1137 2672; x_wconf 80' lang='lat' dir='ltr'><strong>liujus·</strong></span> <span class='ocrx_word' id='word_1_197' title='bbox 1241 2607 1242 2674; x_wconf 44' lang='grc' dir='ltr'>ᾗ</span> 
     </span>
     <span class='ocr_line' id='line_1_29' title="bbox 212 2677 1242 2764; baseline 0.001 -23"><span class='ocrx_word' id='word_1_198' title='bbox 212 2678 308 2756; x_wconf 87' lang='lat' dir='ltr'><strong>modi,</strong></span> <span class='ocrx_word' id='word_1_199' title='bbox 330 2679 478 2763; x_wconf 76' lang='lat' dir='ltr'><strong>contingit</strong></span> <span class='ocrx_word' id='word_1_200' title='bbox 502 2693 604 2744; x_wconf 86' lang='lat' dir='ltr'><strong>tamen</strong></span> <span class='ocrx_word' id='word_1_201' title='bbox 628 2681 768 2764; x_wconf 82' lang='lat' dir='ltr'><strong>generari</strong></span> <span class='ocrx_word' id='word_1_202' title='bbox 793 2699 883 2744; x_wconf 90' lang='lat' dir='ltr'><strong>ranas</strong></span> <span class='ocrx_word' id='word_1_203' title='bbox 906 2679 1023 2764; x_wconf 87' lang='lat' dir='ltr'><strong>absque</strong></span> <span class='ocrx_word' id='word_1_204' title='bbox 1046 2677 1137 2742; x_wconf 84' lang='lat' dir='ltr'><strong>omni</strong></span> <span class='ocrx_word' id='word_1_205' title='bbox 1241 2705 1242 2762; x_wconf 57' lang='lat' dir='ltr'><strong>ff</strong></span> 
     </span>
     <span class='ocr_line' id='line_1_30' title="bbox 213 2767 1242 2853; baseline 0.001 -24"><span class='ocrx_word' id='word_1_206' title='bbox 213 2767 351 2832; x_wconf 84' lang='lat' dir='ltr'><strong>artificio.</strong></span> <span class='ocrx_word' id='word_1_207' title='bbox 375 2767 406 2832; x_wconf 84' lang='lat' dir='ltr'><strong>Si</strong></span> <span class='ocrx_word' id='word_1_208' title='bbox 423 2787 497 2853; x_wconf 79' lang='lat' dir='ltr'><strong>ergo</strong></span> <span class='ocrx_word' id='word_1_209' title='bbox 521 2769 631 2833; x_wconf 87' lang='lat' dir='ltr'><strong>virtute</strong></span> <span class='ocrx_word' id='word_1_210' title='bbox 668 2769 847 2833; x_wconf 87' lang='lat' dir='ltr'><strong>caelestium</strong></span> <span class='ocrx_word' id='word_1_211' title='bbox 882 2785 1048 2853; x_wconf 89' lang='lat' dir='ltr'><strong>corporum</strong></span> <span class='ocrx_word' id='word_1_212' title='bbox 1073 2767 1136 2830; x_wconf 92' lang='lat' dir='ltr'><strong>bu·</strong></span> <span class='ocrx_word' id='word_1_213' title='bbox 1241 2785 1242 2788; x_wconf 45' lang='lat'>¹</span> 
     </span>
    </p>
   </div>
   <div class='ocr_carea' id='block_1_9' title="bbox 208 2853 1137 3032">
    <p class='ocr_par' dir='ltr' id='par_1_11' title="bbox 208 2853 1137 3032">
     <span class='ocr_line' id='line_1_31' title="bbox 208 2853 1137 2944; baseline 0.002 -26"><span class='ocrx_word' id='word_1_214' title='bbox 208 2853 348 2938; x_wconf 85' lang='lat' dir='ltr'><strong>jusmodi</strong></span> <span class='ocrx_word' id='word_1_215' title='bbox 384 2869 502 2922; x_wconf 87' lang='lat' dir='ltr'><strong>statuae</strong></span> <span class='ocrx_word' id='word_1_216' title='bbox 538 2876 618 2943; x_wconf 87' lang='lat' dir='ltr'><strong>quae</strong></span> <span class='ocrx_word' id='word_1_217' title='bbox 656 2876 711 2944; x_wconf 85' lang='lat' dir='ltr'><strong>per</strong></span> <span class='ocrx_word' id='word_1_218' title='bbox 747 2869 845 2921; x_wconf 77' lang='lat' dir='ltr'><strong>artent</strong></span> <span class='ocrx_word' id='word_1_219' title='bbox 870 2854 1137 2922; x_wconf 80' lang='lat' dir='ltr'><strong>necromanticam</strong></span> 
     </span>
     <span class='ocr_line' id='line_1_32' title="bbox 213 2943 1136 3032; baseline -0.001 -24"><span class='ocrx_word' id='word_1_220' title='bbox 213 2943 290 3008; x_wconf 84' lang='lat' dir='ltr'><strong>lluut</strong></span> <span class='ocrx_word' id='word_1_221' title='bbox 313 2945 479 3010; x_wconf 89' lang='lat' dir='ltr'><strong>sortiantur</strong></span> <span class='ocrx_word' id='word_1_222' title='bbox 502 2946 684 3032; x_wconf 90' lang='lat' dir='ltr'><strong>principium</strong></span> <span class='ocrx_word' id='word_1_223' title='bbox 710 2945 799 3019; x_wconf 86' lang='lat' dir='ltr'><strong>vitae,</strong></span> <span class='ocrx_word' id='word_1_224' title='bbox 822 2947 880 3009; x_wconf 88' lang='lat' dir='ltr'><strong>erit</strong></span> <span class='ocrx_word' id='word_1_225' title='bbox 903 2943 1040 3008; x_wconf 79' lang='lat' dir='ltr'><strong>invenire</strong></span> <span class='ocrx_word' id='word_1_226' title='bbox 1078 2963 1136 3026; x_wconf 77' lang='lat' dir='ltr'><strong>ge-</strong></span> 
     </span>
    </p>
   </div>
   <div class='ocr_carea' id='block_1_10' title="bbox 212 3031 1242 3132">
    <p class='ocr_par' dir='ltr' id='par_1_12' title="bbox 212 3031 1242 3132">
     <span class='ocr_line' id='line_1_33' title="bbox 212 3031 1242 3132; baseline 0.002 -36"><span class='ocrx_word' id='word_1_227' title='bbox 212 3033 403 3098; x_wconf 88' lang='lat' dir='ltr'><strong>nerationem</strong></span> <span class='ocrx_word' id='word_1_228' title='bbox 440 3033 547 3098; x_wconf 75' lang='lat' dir='ltr'><strong>talbrm</strong></span> <span class='ocrx_word' id='word_1_229' title='bbox 579 3036 696 3120; x_wconf 89' lang='lat' dir='ltr'><strong>absque</strong></span> <span class='ocrx_word' id='word_1_230' title='bbox 736 3034 914 3119; x_wconf 85' lang='lat' dir='ltr'><strong>hujusmodi</strong></span> <span class='ocrx_word' id='word_1_231' title='bbox 952 3048 1028 3098; x_wconf 89' lang='lat' dir='ltr'><strong>arte.</strong></span> <span class='ocrx_word' id='word_1_232' title='bbox 1066 3031 1136 3098; x_wconf 87' lang='lat' dir='ltr'><strong>lloc</strong></span> <span class='ocrx_word' id='word_1_233' title='bbox 1190 3123 1195 3132; x_wconf 93' lang='lat'>.</span> <span class='ocrx_word' id='word_1_234' title='bbox 1241 3089 1242 3104; x_wconf 18' lang='grc' dir='ltr'>ἶ</span> 
     </span>
    </p>
   </div>
   <div class='ocr_carea' id='block_1_11' title="bbox 209 3121 1134 3208">
    <p class='ocr_par' dir='ltr' id='par_1_13' title="bbox 209 3121 1134 3208">
     <span class='ocr_line' id='line_1_34' title="bbox 209 3121 1134 3208; baseline 0.001 -23"><span class='ocrx_word' id='word_1_235' title='bbox 209 3135 312 3188; x_wconf 86' lang='lat' dir='ltr'><strong>autem</strong></span> <span class='ocrx_word' id='word_1_236' title='bbox 336 3143 397 3188; x_wconf 81' lang='lat' dir='ltr'><strong>nori</strong></span> <span class='ocrx_word' id='word_1_237' title='bbox 421 3122 582 3189; x_wconf 81' lang='lat' dir='ltr'><strong>invertitur.</strong></span> <span class='ocrx_word' id='word_1_238' title='bbox 606 3122 800 3190; x_wconf 79' lang='lat' dir='ltr'><strong>Manifestum</strong></span> <span class='ocrx_word' id='word_1_239' title='bbox 837 3135 884 3188; x_wconf 89' lang='lat' dir='ltr'><strong>est</strong></span> <span class='ocrx_word' id='word_1_240' title='bbox 921 3121 1014 3207; x_wconf 78' lang='lat' dir='ltr'><strong>igitur</strong></span> <span class='ocrx_word' id='word_1_241' title='bbox 1047 3121 1134 3208; x_wconf 89' lang='lat' dir='ltr'><strong>quod</strong></span> 
     </span>
    </p>
   </div>
   <div class='ocr_carea' id='block_1_12' title="bbox 208 3275 1134 3566">
    <p class='ocr_par' dir='ltr' id='par_1_14' title="bbox 208 3275 1134 3566">
     <span class='ocr_line' id='line_1_35' title="bbox 263 3275 1133 3348; baseline 0.002 -18"><span class='ocrx_word' id='word_1_242' title='bbox 263 3275 424 3348; x_wconf 73' lang='lat' dir='ltr'><strong>llbOrpann</strong></span> <span class='ocrx_word' id='word_1_243' title='bbox 442 3281 525 3332; x_wconf 83' lang='lat' dir='ltr'><strong>medic</strong></span> <span class='ocrx_word' id='word_1_244' title='bbox 545 3285 695 3348; x_wconf 82' lang='lat' dir='ltr'><strong>temperato,</strong></span> <span class='ocrx_word' id='word_1_245' title='bbox 714 3279 731 3330; x_wconf 87' lang='lat' dir='ltr'><strong>i.</strong></span> <span class='ocrx_word' id='word_1_246' title='bbox 750 3293 773 3332; x_wconf 87' lang='lat' dir='ltr'><strong>e.</strong></span> <span class='ocrx_word' id='word_1_247' title='bbox 796 3279 973 3332; x_wconf 81' lang='lat' dir='ltr'><strong>aconslituto</strong></span> <span class='ocrx_word' id='word_1_248' title='bbox 985 3277 1013 3330; x_wconf 86' lang='lat' dir='ltr'><strong>in</strong></span> <span class='ocrx_word' id='word_1_249' title='bbox 1043 3275 1133 3348; x_wconf 85' lang='lat' dir='ltr'><strong>aliqua</strong></span> 
     </span>
     <span class='ocr_line' id='line_1_36' title="bbox 208 3350 1132 3418; baseline 0.004 -17"><span class='ocrx_word' id='word_1_250' title='bbox 208 3350 348 3402; x_wconf 82' lang='lat' dir='ltr'><strong>medietate</strong></span> <span class='ocrx_word' id='word_1_251' title='bbox 365 3353 435 3402; x_wconf 81' lang='lat' dir='ltr'><strong>inter</strong></span> <span class='ocrx_word' id='word_1_252' title='bbox 453 3353 597 3403; x_wconf 85' lang='lat' dir='ltr'><strong>contrarias</strong></span> <span class='ocrx_word' id='word_1_253' title='bbox 617 3351 755 3418; x_wconf 85' lang='lat' dir='ltr'><strong>tangibilcs</strong></span> <span class='ocrx_word' id='word_1_254' title='bbox 774 3351 917 3418; x_wconf 81' lang='lat' dir='ltr'><strong>qualtlates</strong></span> <span class='ocrx_word' id='word_1_255' title='bbox 940 3369 955 3402; x_wconf 84' lang='lat' dir='ltr'><strong>n</strong></span> <span class='ocrx_word' id='word_1_256' title='bbox 986 3355 1017 3401; x_wconf 83' lang='lat' dir='ltr'><strong>ut</strong></span> <span class='ocrx_word' id='word_1_257' title='bbox 1048 3351 1085 3401; x_wconf 80' lang='lat' dir='ltr'><strong>ait</strong></span> <span class='ocrx_word' id='word_1_258' title='bbox 1104 3351 1132 3405; x_wconf 86' lang='lat' dir='ltr'><strong>S.</strong></span> 
     </span>
     <span class='ocr_line' id='line_1_37' title="bbox 208 3419 1134 3489; baseline 0.002 -17"><span class='ocrx_word' id='word_1_259' title='bbox 208 3419 308 3472; x_wconf 85' lang='lat' dir='ltr'><strong>Tbomn</strong></span> <span class='ocrx_word' id='word_1_260' title='bbox 327 3421 366 3472; x_wconf 83' lang='lat' dir='ltr'><strong>Cl.</strong></span> <span class='ocrx_word' id='word_1_261' title='bbox 384 3421 607 3474; x_wconf 77' lang='lat' dir='ltr'><strong>commentarium</strong></span> <span class='ocrx_word' id='word_1_262' title='bbox 626 3422 657 3474; x_wconf 86' lang='lat' dir='ltr'><strong>de</strong></span> <span class='ocrx_word' id='word_1_263' title='bbox 676 3423 781 3488; x_wconf 80' lang='lat' dir='ltr'><strong>Animo,</strong></span> <span class='ocrx_word' id='word_1_264' title='bbox 800 3422 817 3473; x_wconf 89' lang='lat'><strong>1.</strong></span> <span class='ocrx_word' id='word_1_265' title='bbox 838 3428 865 3489; x_wconf 68' lang='grc'><strong>*2,</strong></span> <span class='ocrx_word' id='word_1_266' title='bbox 886 3419 1134 3489; x_wconf 63' lang='lat' dir='ltr'><strong>contumulet,</strong></span> 
     </span>
     <span class='ocr_line' id='line_1_38' title="bbox 209 3489 1134 3566; baseline 0.005 -24"><span class='ocrx_word' id='word_1_267' title='bbox 209 3491 254 3542; x_wconf 87' lang='lat' dir='ltr'><strong>ubi</strong></span> <span class='ocrx_word' id='word_1_268' title='bbox 273 3489 434 3544; x_wconf 78' lang='lat' dir='ltr'><strong>differentiae</strong></span> <span class='ocrx_word' id='word_1_269' title='bbox 453 3493 521 3545; x_wconf 86' lang='lat' dir='ltr'><strong>iuter</strong></span> <span class='ocrx_word' id='word_1_270' title='bbox 540 3499 638 3546; x_wconf 86' lang='lat' dir='ltr'><strong>tactum</strong></span> <span class='ocrx_word' id='word_1_271' title='bbox 657 3499 683 3546; x_wconf 89' lang='lat' dir='ltr'><strong>et</strong></span> <span class='ocrx_word' id='word_1_272' title='bbox 701 3501 818 3548; x_wconf 81' lang='lat' dir='ltr'><strong>caeteros</strong></span> <span class='ocrx_word' id='word_1_273' title='bbox 835 3508 929 3548; x_wconf 80' lang='lat' dir='ltr'><strong>sensus</strong></span> <span class='ocrx_word' id='word_1_274' title='bbox 950 3498 1134 3566; x_wconf 79' lang='lat' dir='ltr'><strong>exponuntur.</strong></span> 
     </span>
    </p>
   </div>
   <div class='ocr_carea' id='block_1_13' title="bbox 0 0 1262 3972">
    <p class='ocr_par' dir='ltr' id='par_1_15' title="bbox 0 0 1262 3972">
     <span class='ocr_line' id='line_1_39' title="bbox 0 0 1262 3972; baseline 0 1"><span class='ocrx_word' id='word_1_275' title='bbox 0 0 1262 3972; x_wconf 95' lang='lat' dir='ltr'><strong> </strong></span> 
     </span>
    </p>
   </div>
  </div>
 </body>
</html>
