2462 3968
250 270 305 314 cra.
331 269 370 312 ιιι.
395 265 458 313 etr.
482 260 618 313 ιιιιιιιιιιιι.
642 267 678 310 cr
702 267 819 313 cxxxix.
932 247 995 313 tet

69 340 156 407 Nulla
181 350 289 402 autem
313 336 485 401 substantia
509 350 610 402 creata
642 335 840 421 conjungitur
877 337 998 402 animae

68 425 269 494 intellectuali
293 439 442 511 quantum
487 425 526 491 ad
549 447 604 492 sua
639 425 783 491 interiora
819 424 877 490 nisi
915 425 997 491 solus

69 520 162 596 Deus,
187 515 245 602 qui
267 515 351 580 solus
374 527 420 578 est
446 535 537 580 causa
561 513 655 602 ipsius
687 527 718 578 et
751 512 904 578 sustinens
927 533 997 579 eant

70 608 101 673 in
124 625 203 672 esse.
230 603 254 668 l
277 604 343 670 solo
367 604 463 689 igitur
485 604 553 669 Deo
576 617 675 691 potest
691 615 793 668 motus
809 601 999 668 voluntarius

70 715 200 761 causari.

134 783 258 860 Adhuc,
281 779 456 848 Violentum
495 780 661 868 opponitur
684 779 766 867 (et)
800 779 929 844 naturali
968 792 999 844 et

69 872 246 939 voluntario
270 870 378 944 motui,
403 871 473 956 quia
497 885 665 956 utrumqne
701 881 821 956 oportet
855 867 938 953 quod
961 869 999 933 sit

71 959 266 1046 aprincipio
303 959 480 1026 intrinseco.
520 958 621 1043 Agens
645 971 749 1023 autern
787 959 920 1022 exterius
955 959 999 1022 sic

72 1051 172 1116 solum
198 1047 381 1113 naturaliter
396 1061 500 1113 movet
516 1049 704 1133 inquantum
724 1058 829 1112 causat
844 1047 874 1111 in
891 1045 998 1110 mobili

72 1139 277 1204 intrinsecum
301 1137 485 1224 principium
511 1151 623 1214 motus,
647 1137 724 1202 sicot
740 1155 901 1220 generans,
915 1135 998 1221 quod

72 1227 122 1293 dat
145 1226 282 1293 sormam
306 1227 460 1308 gravitatis
483 1227 604 1312 corpori
622 1225 706 1310 gravi
723 1237 881 1309 generato,
896 1236 999 1288 motet

71 1317 172 1403 ipsum
198 1314 380 1380 naturaliter
404 1314 562 1391 deorsum3
586 1315 662 1379 nibil
686 1327 788 1378 nutem
831 1312 914 1378 aliud
948 1333 999 1376 ex-

73 1406 242 1470 trinsecum
266 1422 391 1468 movere
415 1417 516 1490 potest
554 1403 670 1488 absque
705 1402 848 1468 violentia
887 1422 999 1488 corpus

74 1495 228 1579 naturale,
251 1491 310 1558 uisi
335 1490 412 1558 forte
448 1513 503 1579 per
537 1492 690 1570 accidens,
723 1492 801 1556 sieut
835 1511 999 1556 removens

77 1583 258 1668 prohibens,
281 1581 364 1666 quod
403 1581 501 1666 magis
525 1581 618 1645 utitur
657 1594 743 1646 motu
781 1579 911 1644 naturali
950 1579 998 1642 vel

76 1676 196 1736 actione
233 1691 325 1757 quarn
363 1685 467 1736 causet
504 1670 616 1755 ipsunt.
656 1668 733 1734 lllud
772 1667 879 1750 igitur·
898 1668 998 1732 solum

77 1779 171 1844 agens
196 1772 298 1847 potest
320 1779 446 1824 causare
470 1772 588 1823 motum
612 1757 774 1823 voluntatis
797 1757 914 1843 absque
936 1757 1000 1820 vio·

76 1847 167 1914 lentie
192 1848 279 1936 quod
304 1861 409 1912 causat
448 1847 633 1934 principium
672 1847 871 1912 intrinsecum
908 1845 1000 1931 liujus

78 1951 189 2016 motae,
212 1936 297 2022 quod
321 1949 368 2001 est
381 1937 515 2022 potentia
530 1937 593 2022 ipsa
607 1935 778 2000 voluntatis.
818 1935 881 2000 lloc
896 1949 998 1999 autern

78 2039 122 2090 est
144 2027 231 2092 Deus
253 2026 305 2111 qui
330 2025 466 2089 animam
490 2025 573 2090 solus
596 2038 689 2099 creat,
714 2038 747 2090 ut
774 2041 931 2089 ostensum
955 2038 1001 2087 est

80 2114 191 2200 (tu,
214 2135 240 2180 c.
265 2115 303 2180 ll
332 2127 361 2178 et
396 2113 438 2178 87
462 2114 486 2194 ).
525 2113 616 2179 Solus
654 2115 746 2198 igitur
779 2113 864 2178 Deus
901 2125 1001 2197 potest

79 2222 204 2270 morere
240 2205 432 2268 uoluntatem
470 2221 526 2289 per
563 2201 692 2268 modurn
730 2203 847 2288 agentis
885 2201 1001 2286 absque

81 2291 235 2360 uiolentia.

145 2382 225 2448 lline
248 2393 295 2446 est
318 2379 400 2467 quod
424 2378 545 2446 dicitur:
573 2381 632 2444 Cor
654 2381 735 2464 teqis
757 2381 788 2444 ιἰι
822 2397 917 2444 monn
942 2377 1002 2442 Do-

82 2470 168 2548 mini3
192 2489 380 2557 quocumque
401 2470 535 2534 uoluerit
557 2467 721 2534 inclinabit
743 2470 833 2547 illud,
856 2466 1002 2532 Proverb.

83 2557 135 2636 il,
159 2561 190 2637 l;
213 2573 253 2624 et:
278 2559 362 2625 Dcite
384 2568 429 2622 eet
451 2560 503 2644 qui
526 2569 673 2642 operatur
709 2559 742 2620 in
764 2557 850 2623 nobie
873 2567 903 2620 et
923 2557 1002 2619 celle

83 2657 110 2709 et
129 2653 278 2735 perticere
301 2668 360 2732 pro
386 2645 466 2712 botta
489 2650 658 2726 uoluntate,
682 2645 826 2734 Philipp„
849 2645 881 2724 2,
907 2645 957 2708 15.

357 2823 450 2888 etr
467 2824 528 2888 UT
563 2823 721 2889 LXXXlX.

188 2947 277 3028 Quod
300 2957 400 3012 tuctus
423 2947 591 3012 uoluntatis
614 2956 762 3010 corrector
787 2966 807 3011 a
830 2945 906 3022 Dec,

302 3047 332 3100 et
352 3057 413 3100 troo
436 3037 536 3100 solunt
573 3055 593 3100 o
615 3037 782 3102 uoluntate.

149 3175 282 3257 Quidam
306 3195 389 3248 tero,
419 3186 480 3239 non
506 3173 710 3256 intelligentes
733 3171 865 3259 qualiter
885 3185 1005 3238 motum

86 3261 247 3330 voluntatis
278 3264 361 3329 Deus
402 3263 433 3327 in
472 3263 560 3328 uobis
599 3282 725 3328 causare
759 3261 852 3347 possit
891 3260 1007 3346 absque

88 3352 272 3437 praejudicio
311 3352 460 3418 libertatis
496 3351 671 3430 uoluntatis,
706 3350 805 3416 conati
843 3362 914 3414 sunt
951 3352 1007 3416 bas

89 3443 279 3506 auctoritates
303 3441 383 3508 male
406 3451 617 3527 exponerent
637 3439 751 3504 scilicet
774 3437 910 3503 dicerent
922 3439 1006 3524 quod

90 3523 170 3595 Deus
192 3543 295 3598 causat
318 3531 348 3596 in
373 3529 464 3596 nobis
488 3523 567 3597 velle
590 3542 620 3594 et
645 3528 792 3618 perlicere
823 3527 1006 3616 inquantum
