2450 3966
230 169 273 232 90
452 186 507 232 um.
532 188 573 232 nr.
599 187 661 232 cto.
686 185 753 232 xxx.
779 185 815 229 ur
838 187 916 230 xxm.

228 255 306 320 vitiis
328 265 431 320 autent
449 255 544 321 homo
566 269 612 322 est
634 255 753 332 melior,
775 275 846 324 curn
871 257 932 320 sint
960 274 1009 320 res
1048 276 1159 343 quae-

228 345 299 408 darn
323 343 362 408 ad
378 360 468 408 usum
492 344 625 410 hominis
649 343 817 408 ordinatae.
842 342 909 410 Non
933 343 1089 430 estigitur
1114 348 1155 414 in

226 432 337 498 divitiis
353 453 511 500 summum
534 432 669 500 hominis
691 432 818 498 honum.

293 520 466 601 Praeterea,
482 521 647 587 Summum
672 520 806 586 hominis
846 521 963 591 bonurn
1000 519 1152 592 lortuuee

227 629 290 676 non
312 609 457 696 subjacet.
482 610 559 678 Nam
581 609 702 676 fortuito
727 609 843 697 absque
879 609 981 678 studio
1015 612 1150 687 usnimais

225 699 381 765 eveniunt.
405 697 533 786 Oportet
556 712 659 764 autern
682 698 765 784 quod
792 719 847 785 per
869 699 1022 769 rationum
1046 699 1151 768 ltomo

224 787 383 874 proprium
407 787 501 852 linem
525 801 740 873 consequatur.
761 786 793 851 ln
807 789 1023 870 conspartione
1037 806 1150 856 autern
1201 865 1202 878 p

225 877 399 942 divitiarum
424 876 593 950 maximum
618 877 719 943 loouut
743 876 836 948 habat
860 876 992 944 lortuna.
1015 877 1150 946 Nonest
1201 881 1202 886 ’

223 966 316 1051 igitur
338 966 370 1028 iu
394 964 505 1029 divitiis
528 966 664 1030 humana
688 963 815 1030 felicitas
844 966 1017 1032 constituta.

289 1052 438 1138 Amplius,
460 1053 525 1119 lloo
540 1053 665 1122 evidens
689 1053 722 1120 m
746 1074 800 1140 per
830 1054 890 1120 hoo
913 1055 996 1140 quod
1010 1053 1149 1124 divitiae
1201 1125 1202 1142 p

223 1141 427 1207 involuntarie
450 1143 641 1221 amittuntur,
664 1155 694 1206 et
716 1141 800 1228 quod
822 1143 909 1210 malis
933 1145 1057 1210 evenire
1071 1167 1147 1234 pos·

221 1245 295 1298 sunt
317 1251 409 1317 quos
417 1251 545 1320 neeesse
559 1243 614 1299 est
637 1251 760 1297 sommo
785 1231 868 1298 bono
884 1251 999 1312 oarere,
1015 1236 1148 1320 etquod
1201 1287 1202 1298 2

223 1319 381 1386 instabiles
397 1335 486 1398 sunt,
505 1335 535 1386 et
558 1322 615 1386 alia
641 1319 828 1406 huJusmotli
857 1337 946 1407 quae
978 1343 1015 1388 ex
1049 1345 1150 1412 supe·
1201 1349 1202 1396 ;

224 1409 356 1476 rioribus
372 1411 542 1537 rationibus
564 1409 667 1496 oolligi
692 1421 829 1551 possunt.

526 1587 697 1656 unnur
728 1539 834 1652 uniri.

226 1765 315 1844 Quod
335 1765 470 1848 solicitus
491 1785 554 1830 uon
576 1765 715 1838 consistit
730 1765 773 1830 -in
794 1765 938 1850 potentio
959 1765 1136 1833 mundana.

289 1940 435 2005 Similiter
458 1953 561 2006 autem
584 1963 642 2008 neo
664 1943 694 2007 in
718 1905 875 2008 mundana
898 1944 1032 2028 potentia
1056 1965 1151 2010 sum·
1201 2007 1202 2012 ,

225 2050 311 2096 mum
328 2029 464 2094 hominis
480 2030 597 2096 bonum
620 2051 688 2096 esse
711 2045 821 2117 potest

289 2118 398 2184 Cum
391 2139 422 2182 in
446 2138 482 2184 ea
506 2110 673 2184 obtinenda
697 2120 866 2206 plurimum
890 2118 1011 2184 fortuna
1035 2124 1150 2208 possit,

138 2281 140 2286 ,
222 2221 253 2272 et
275 2207 485 2286 instabilissit‚
508 2220 539 2274 et
562 2229 624 2273 non
649 2208 804 2294 subjaceat
828 2209 1145 2287 hominisvoluntati,
1201 2269 1202 2272 ,

222 2312 253 2361 et
275 2297 458 2383 plerumque
482 2297 571 2364 malis
594 2298 747 2400 adveniam
785 2315 864 2384 quae
898 2317 1022 2364 summo
1056 2299 1148 2366 bono

222 2398 405 2472 repugnant,
431 2400 464 2452 ut
485 2406 523 2452 ex
546 2387 722 2473 praemissis
745 2386 801 2473 (e
818 2387 859 2452 99
891 2399 921 2450 et
954 2387 1023 2474 30)
1047 2402 1146 2474 patet.
1201 2405 1202 2408 ’

290 2474 376 2552 Item,
400 2473 499 2541 Homo
523 2477 656 2540 maxime
690 2476 799 2540 dieitur
833 2476 933 2540 bonus
967 2476 1143 2544 seeundum
1201 2481 1202 2546 Ῐ

221 2564 305 2652 quud
329 2563 382 2628 orl
391 2585 548 2630 summurn
565 2565 689 2637 bonum
699 2565 828 2649 attingit
841 2563 1019 2630 Secundum
1034 2579 1144 2632 autern
1201 2585 1202 2642 j

104 2674 139 2736 J
205 2652 304 2738 ·quod
329 2652 627 2739 liabetppotentiam,
657 2673 720 2718 non
757 2655 868 2718 dieitur
903 2654 1002 2720 bonus
1037 2675 1144 2741 neque
1201 2655 1202 2700 ἶ

220 2741 331 2819 malum
355 2761 417 2806 non
434 2743 517 2808 enlm
537 2756 582 2808 est
604 2743 704 2810 bonus
727 2743 828 2808 omnis
850 2744 903 2828 qui
934 2755 1033 2829 potest
1056 2743 1142 2810 bona
1201 2767 1202 2826 j

213 2831 333 2909 faeere,
357 2831 457 2916 neque
480 2831 580 2899 malus
603 2847 649 2896 est
671 2831 782 2917 aliquis
805 2851 842 2896 ex
859 2833 919 2896 hoo
943 2831 1025 2918 quod
1038 2845 1142 2934 potest
1201 2851 1202 2904 ξ

124 2947 134 2962 r
220 2881 438 2988 malefacere·
450 2917 646 2996 Summum
638 2920 730 3003 igitur
753 2921 871 2984 bonum
901 2941 965 3014 non
1000 2923 1140 2990 consistit
1201 2963 1202 2970 κ

219 3011 334 3077 iuliae
357 3007 440 3094 quod
463 3021 597 3072 estesse
620 3021 787 3108 potentem.
1201 3057 1202 3062 η

216 3093 221 3128 ”
286 3093 531 3174 admonuimus
555 3097 751 3184 potentiaad
783 3097 914 3162 alterum
953 3113 1008 3164 est.
1046 3097 1140 3164 Sum·
1201 3145 1202 3148 κ

220 3205 307 3254 mum
330 3200 433 3250 autem
456 3178 573 3252 bonum
576 3206 654 3272 uon
677 3198 722 3250 est
745 3186 784 3251 ad
808 3185 949 3252 alterurn.
984 3186 1052 3252 Non
1091 3204 1139 3253 est
1201 3251 1202 3260 ,

152 3275 312 3368 igitur
335 3274 476 3361 potentia
490 3295 649 3340 summum
673 3273 806 3340 nominis
830 3275 957 3340 bonum.

285 3362 436 3450 Amplius,
458 3363 537 3428 lllud
560 3383 621 3449 quo
645 3365 713 3449 quis
737 3376 835 3450 potest
858 3377 888 3428 et
904 3363 983 3428 bene
999 3376 1029 3427 et
1054 3363 1135 3428 male

183 3451 260 3516 uti
285 3471 347 3516 non
370 3464 469 3538 potest
492 3471 559 3520 esse
582 3471 739 3546 summum
763 3452 897 3518 hominis
916 3451 1043 3530 bonum;
1067 3473 1133 3520 me·
