2516 3968
232 219 298 284 tut
543 241 599 288 ιιιι.
624 241 664 286 ιιι.
689 239 752 284 oar.
776 238 851 284 cuv.

196 308 336 374 =hendit
357 309 572 375 certitudinem
595 310 697 376 habet.
736 308 819 374 llaec
852 320 956 372 autem
992 309 1145 376 certitudo

203 387 401 464 'necessaria
424 412 470 464 est
493 400 533 465 ad
557 401 615 465 hoc
638 397 721 485 quod
759 397 827 462 aliis
861 397 990 484 proponi
1026 400 1147 484 possint

228 506 264 552 ea
287 506 366 574 quae
390 487 491 556 divino
514 489 700 554 revelatione
723 487 948 573 percipiuntur:
971 507 1032 551 non
1057 487 1146 552 enim

227 595 298 640 cum
322 577 485 642 securitate
508 577 576 643 aliis
598 575 786 665 proferimus
809 575 848 640 de
876 575 989 662 quibus
1022 579 1148 641 certitu-

226 665 331 730 dinem
356 685 420 730 non
442 667 604 733 habemus.
628 666 706 732 Cum
731 663 890 751 praedicto
906 677 1011 729 autem
1027 664 1146 730 lumine

226 769 363 824 mentem
387 757 515 820 interius
554 753 723 821 illustrante
761 753 873 818 adsunt
908 753 1075 838 aliquando
1114 756 1145 818 in

227 841 328 927 divina
361 843 548 909 revelatione
587 845 688 930 aliqua
726 842 878 907 exteriora
916 841 965 906 vel
999 843 1146 907 interiora

227 931 410 1016 cognitionis
440 933 562 1013 auxilia,
595 947 700 1018 utpote
737 931 846 1016 aliquis
868 950 973 996 sermo
1010 932 1146 998 exterius

226 1021 411 1088 sensibiliter
432 1021 565 1102 auditus,
587 1024 640 1108 qai
663 1020 765 1086 divina
789 1025 899 1084 virtute
914 1018 1076 1097 formetur,
1092 1032 1146 1086 aut

227 1129 282 1195 per
295 1109 547 1196 imaginationem
571 1113 707 1188 interius,
732 1108 799 1173 lleo
814 1107 955 1187 iaciente,
971 1121 1145 1195 perceptus,

226 1199 289 1263 sive
311 1201 405 1264 etiam
427 1200 529 1286 eliqua
551 1200 751 1287 corporaliter
782 1197 843 1261 vise
868 1198 1001 1263 exterius
1023 1219 1040 1262 a
1074 1199 1144 1271 ,neo

226 1285 369 1364 formata,
393 1289 441 1354 vel
464 1291 556 1354 etiam
579 1290 708 1354 interius
731 1288 762 1352 in
786 1286 1006 1371 imaginatione
1028 1287 1142 1354 descri-

114 1441 117 1452 ,
226 1389 287 1462 pta,
311 1377 482 1464 exquibus
506 1379 599 1444 homo
623 1397 678 1465 per
700 1377 807 1442 lumen
830 1375 957 1441 interius
968 1375 1064 1440 menti
1088 1378 1146 1442 im-

225 1484 367 1546 pressum
389 1468 596 1552 cognitionem
621 1467 732 1552 accipit
757 1464 944 1543 divinornm;
967 1464 1052 1529 unde
1087 1467 1145 1532 ltu-

222 1553 361 1639 jusmodi
385 1556 496 1622 auxilia
519 1557 585 1621 aine
608 1557 745 1622 interiori
768 1553 886 1618 lumine
919 1553 958 1618 ad
993 1554 1144 1639 cognitio-

224 1661 297 1708 nem
320 1643 494 1711 divinorum
518 1665 579 1710 non
603 1644 765 1710 sufficiunt:
783 1642 1144 1713 lumenautcminterius

223 1731 334 1797 suffieit
357 1733 424 1799 sine
448 1734 521 1800 istis.
545 1734 627 1800 llaec
649 1746 753 1799 autern
776 1730 974 1796 invisibilium
998 1731 1055 1796 Dei
1094 1755 1144 1800 re·

223 1821 334 1889 velatio
356 1822 396 1887 ad
419 1825 599 1910 sapientiam
623 1823 763 1910 pertinet,
787 1839 868 1905 quae
890 1820 1013 1907 proprie
1025 1834 1071 1886 est
1092 1845 1143 1890 eo-

222 1911 320 1994 gnitio
344 1911 532 1998 dilvinorurn3
556 1927 585 1976 et
608 1911 678 1976 itleo
694 1909 805 1976 dicitur
828 1910 912 1996 quod
925 1911 1073 1996 sapientia
1083 1912 1141 1980 Dei

219 2018 278 2080 per
300 2001 441 2065 notiones
463 2002 495 2064 in
518 2002 640 2065 anicios
661 2011 786 2066 sanetae
808 2019 841 2064 ae
865 1999 1055 2082 transfert...,
1088 2025 1141 2068 rte·

131 2093 135 2099 ’
221 2089 335 2152 minem
358 2091 439 2154 ertim
462 2090 565 2175 diligit
587 2090 682 2168 Deera,
705 2090 766 2154 nisi
803 2081 873 2153 euni
895 2091 947 2173 pati
981 2109 1050 2155 cum
1088 2113 1142 2158 aa·

218 2175 340 2258 pictatio
363 2177 529 2257 inhabitat,
550 2177 632 2267 Sap,
655 2182 687 2256 7,
710 2176 823 2252 did&
846 2189 876 2241 et
899 2177 1141 2246 dieitur2Adim·

158 2288 161 2296 ¹
217 2265 318 2348 piabit
337 2267 429 2332 illum
452 2268 603 2334 Dominus
625 2268 739 2354 spiritu
760 2267 933 2350 supientiae
955 2278 987 2332 et
1018 2269 1139 2336 intelle·

221 2364 298 2433 etus,
323 2355 423 2436 Ecoli,
448 2357 500 2433 tt,
524 2358 553 2422 ὃ.

211 2527 214 2532 ¹
289 2442 361 2522 Sed,
384 2445 456 2532 quia
479 2444 649 2511 inuisibilia
673 2445 775 2524 Dei...‚
818 2464 878 2528 per
892 2464 930 2509 eo
951 2464 1030 2529 quae
1053 2447 1140 2532 [octo

220 2543 291 2596 eunt
314 2533 481 2612 intellecto,
504 2536 742 2620 conspiciuntur,
767 2535 866 2613 liom„
880 2533 912 2612 l,
935 2533 988 2613 att,
1012 2555 1068 2622 per
1091 2538 1140 2604 tli-

218 2621 320 2686 vinam
343 2625 473 2708 gratiam
509 2644 572 2689 non
608 2624 708 2688 solnm
747 2625 921 2689 revelantur
959 2623 1139 2693 lrotttinibus

217 2708 332 2788 divina,
354 2712 408 2777 sed
431 2713 524 2777 etiam
548 2713 648 2797 aliquo
672 2712 711 2778 de
735 2713 828 2778 rebus
851 2709 972 2791 creatis;
996 2716 1081 2798 quod
1098 2717 1149 2783 ad*

217 2798 377 2865 scientiam
402 2803 556 2887 pertinere
579 2802 708 2879 videtum
732 2801 946 2867 uudedioitur:
966 2801 1037 2884 lpse
1052 2806 1141 2872 uedtt

215 2887 295 2952 nuli
317 2889 426 2954 laurum
449 2911 527 2976 punc
560 2902 632 2955 aunt
655 2891 815 2956 sciendam
838 2909 944 2956 ueram
977 2902 1010 2955 ut
1040 2895 1141 2962 snum

216 2977 449 3060 dispositionem
472 2979 557 3045 oriris
582 2991 737 3048 terrorum
760 2991 790 3044 et
810 2980 938 3045 uirtutes
972 2981 1138 3050 clementu-

215 3085 295 3143 rum,
310 3067 393 3152 Sap,
409 3069 441 3148 7,
466 3069 517 3146 173
541 3081 571 3132 et
594 3067 746 3135 Dominus
769 3069 848 3134 dixit
869 3070 908 3132 atl
925 3067 1139 3141 Salomonem:

217 3152 378 3308 {oppiparae
401 3168 429 3222 ct
450 3159 579 3223 scicntia
612 3159 690 3224 dato
720 3169 796 3226 ιιιιιι
829 3156 896 3238 tibi,
933 3157 954 3222 d
992 3158 1140 3254 Paralip,

239 3293 247 3321 l
282 3332 322 3399 Ea
347 3353 419 3400 vero
442 3355 523 3421 quae
550 3335 645 3404 homo
668 3335 825 3421 cognoscit
848 3334 879 3400 in
913 3335 1051 3401 notitiam
1092 3337 1137 3402 al·
1238 3313 1239 3320 ἵ

215 3423 308 3488 terius
331 3424 500 3507 perducere
525 3426 746 3492 convenienter
768 3445 830 3491 non
850 3437 953 3510 potest
986 3426 1043 3488 nisi
1080 3447 1140 3514 per

214 3527 400 3579 sermonem.
414 3512 494 3592 Quia
522 3513 615 3596 igitur
638 3515 682 3582 illi
705 3513 758 3601 tini
781 3535 807 3594 a,
822 3513 890 3580 Deo
913 3513 1138 3582 revelationem
