2514 3972
230 241 295 308 5l6
470 230 476 258 “
562 261 617 306 sva.
642 263 681 306 ut.
706 260 769 306 cte.
793 254 838 306 cv.

229 327 339 417 aliquis
363 328 534 394 intellectus
557 332 594 395 sit
618 343 720 396 tantae
744 332 860 396 virtutis
884 329 967 412 quod
992 350 1049 395 sua
1075 348 1145 395 con·

228 419 370 507 ceptione
392 439 443 484 res
467 421 559 502 possit
582 440 719 493 causare,
736 419 957 506 quamquidem
971 420 1146 503 conceptio·

228 530 314 587 nem,
337 509 418 574 vocis
442 507 552 588 cilicio,
575 510 780 595 producendis
803 509 961 574 effectibus
998 507 1144 594 quodam·

227 598 323 665 modo
348 603 531 684 praesentat3
554 619 589 662 es
617 600 773 663 intellectu
796 611 898 662 autem
912 597 1033 682 ejusad
1056 617 1144 683 quem

227 709 332 753 sermo
356 687 507 770 dirigitur,
530 687 607 752 sicut
629 709 710 765 cum,
734 707 790 774 per
812 687 1071 769 significationem
1096 705 1145 749 vo-

227 777 270 843 cis
295 778 325 842 in
349 775 538 840 intellectum
562 791 729 863 receptam,
753 775 881 840 audiens
916 776 1076 840 inducitur
1109 773 1145 838 ad

226 865 343 952 aliquid
367 864 552 930 laciendum.
576 866 643 930 Non
667 881 768 930 autem
793 860 892 952 potest
916 865 977 930 dici
992 863 1075 948 quod
1098 883 1145 927 νο·

226 977 277 1021 ces
301 955 371 1020 illae
395 953 615 1037 significativae
638 976 653 1020 a
679 955 775 1038 magis
804 954 942 1041 prolatae
978 951 1143 1018 efficaciam

227 1044 342 1110 habent
366 1063 402 1108 er
426 1043 581 1108 intellectu
606 1044 796 1130 proferentis.

291 1132 367 1198 Cum
393 1131 474 1196 enim
499 1133 593 1197 virtus
617 1135 779 1198 essentiam
804 1145 1027 1217 consequatur,
1053 1131 1143 1194 virtu-

225 1223 263 1287 tis
289 1222 448 1286 diversitas
472 1222 681 1286 essentialium
697 1221 919 1307 principiorum
936 1221 1142 1285 diversitatem

224 1311 368 1377 ostendit.
406 1310 580 1375 Intellectus
610 1327 713 1375 autem
737 1311 943 1375 communiter
982 1310 1141 1374 hominum

224 1400 317 1485 hujus
343 1400 551 1486 dispositionis
575 1401 730 1464 invenitur
751 1400 834 1486 quod
859 1398 924 1484 ejus
949 1399 1087 1482 cognitio
1109 1417 1143 1460 ex

222 1491 315 1556 rebus
339 1503 481 1554 causatur
519 1489 615 1573 magis
650 1510 743 1574 quom
782 1510 836 1553 sua
871 1487 1076 1574 conceptione
1098 1505 1144 1550 res

223 1599 352 1644 causare
376 1577 480 1663 possit,
504 1577 534 1642 Si
560 1577 652 1662 igitur
686 1581 746 1643 sint
784 1577 876 1662 aliqui
912 1577 1057 1640 homines
1095 1573 1142 1660 qui

224 1669 326 1732 verbis
349 1668 584 1753 conceptionem
608 1667 653 1732 sui
693 1667 866 1732 intellectus
900 1663 1143 1750 exprimentibus

224 1778 274 1822 res
288 1757 403 1843 possint
417 1768 621 1820 transmutare
640 1759 762 1842 propria
776 1757 899 1838 virtute,
914 1767 1007 1818 erunt
1022 1753 1142 1817 alterius

224 1845 338 1933 speciei
363 1857 392 1908 et
415 1845 556 1909 dicentur
579 1847 745 1930 aequivoce
770 1845 920 1908 homines.

291 1933 439 2018 Amplius,
463 1933 563 1997 Virtus
589 1932 717 1998 faciendi
742 1955 803 1998 noo
828 1932 999 2017 acquiritur
1024 1951 1080 2016 per
1101 1927 1141 1992 di·

223 2023 397 2110 sciplinam,
419 2021 474 2086 sed
498 2021 597 2086 solum
623 2023 757 2106 cognitio
780 2022 896 2106 aliquid
920 2019 1065 2084 faciendi.
1089 2017 1143 2082 Per

223 2112 417 2197 disciplinam
442 2123 544 2176 autem
570 2111 662 2194 aliqui
677 2113 838 2198 acquirunt
855 2109 949 2196 quod,
965 2105 1142 2193 hujusmodi

223 2201 417 2286 operationes
441 2201 575 2284 magicas
599 2201 739 2264 alliciant.
770 2201 836 2264 Non
861 2213 906 2263 est
930 2199 1024 2280 igitur
1048 2198 1080 2260 in
1102 2195 1142 2259 eis

222 2290 260 2354 ad
286 2289 462 2374 hujusmodi
496 2289 622 2354 ellectus
661 2285 876 2374 producendos
901 2288 995 2351 virtus
1032 2286 1141 2372 aliqua,

221 2379 276 2444 sed
299 2379 433 2462 cognitio
456 2379 530 2442 sola.

287 2466 319 2530 Si
341 2468 408 2552 quis
431 2479 534 2530 autem
565 2466 646 2530 dicat
679 2465 762 2551 quod
786 2463 964 2549 hujusmodi
999 2461 1140 2528 homines

221 2577 238 2622 a
263 2575 317 2621 sua
341 2556 496 2621 nativitate
518 2575 555 2620 cx
580 2557 690 2620 virtute
701 2555 858 2619 stellarum
875 2553 1046 2616 sortiuntur
1070 2568 1139 2637 prae

220 2645 349 2710 caeteris
373 2645 515 2708 virtutem
546 2645 745 2730 praedictam,
775 2644 815 2708 ita
850 2642 945 2727 quod,
976 2645 1138 2726 quantum·

221 2755 355 2820 cumque
378 2734 427 2796 alii
450 2737 640 2798 instruantur
674 2734 725 2817 qui
751 2734 809 2796 hoc
833 2753 868 2795 en
894 2731 1050 2794 nativitate
1079 2748 1137 2792 non

221 2824 347 2900 liabent,
370 2820 507 2887 efficaces
539 2822 568 2885 in
594 2821 769 2906 hujusmodi
806 2820 951 2908 operibus
986 2836 1138 2882 essenon

219 2925 359 3000 possunt,
394 2911 493 2996 primo
516 2909 641 2996 quidem
676 2909 841 2974 dicendum
877 2921 922 2972 cst
957 2906 1041 2992 quod
1075 2925 1138 2970 cor·

219 3023 295 3087 pora
331 3001 472 3065 caelestia
503 3020 596 3086 super
634 2999 821 3064 intellectum
861 2998 1041 3082 imprimere
1077 3014 1137 3058 non

218 3104 357 3176 possunt,
381 3101 413 3154 ut
437 3109 529 3172 supra
555 3098 595 3164 (c.
619 3087 676 3161 8l)
702 3102 858 3152 ostensum
884 3101 940 3150 est.
965 3086 1032 3148 Non
1049 3085 1137 3168 igitur

216 3201 254 3244 ex
279 3181 389 3244 virtuto
413 3178 570 3243 stellarum
595 3177 695 3241 sortiri
713 3191 811 3262 potest
828 3175 998 3239 intellectus
1013 3172 1137 3256 alicujus

214 3269 295 3334 hanc
319 3269 461 3333 virtutem
480 3266 563 3352 quod
581 3267 824 3352 repraesentatio
838 3285 913 3330 suao
929 3261 1135 3350 conceptionis

216 3379 273 3446 per
296 3378 404 3423 vocem
427 3356 466 3421 sit
491 3355 620 3438 alicujus
643 3356 791 3420 ellectiva.

283 3447 312 3509 Si
338 3461 441 3508 autem
466 3444 584 3507 dicatur
607 3445 691 3528 quod
716 3447 809 3508 etiam
827 3441 1007 3526 imaginatio
1023 3435 1132 3523 aliquid

130 3615 134 3625 ,
216 3535 247 3597 io
273 3533 443 3620 prolatione
460 3551 570 3596 vocum
587 3532 858 3618 significativarum
872 3547 1028 3620 operatur,
1044 3543 1133 3614 super
