<?xml version="1.0" encoding="UTF-8"?>
<!DOCTYPE html PUBLIC "-//W3C//DTD XHTML 1.0 Transitional//EN"
    "http://www.w3.org/TR/xhtml1/DTD/xhtml1-transitional.dtd">
<html xmlns="http://www.w3.org/1999/xhtml" xml:lang="en" lang="en">
 <head>
  <title>
</title>
<meta http-equiv="Content-Type" content="text/html;charset=utf-8" />
  <meta name='ocr-system' content='tesseract 3.04.00' />
  <meta name='ocr-capabilities' content='ocr_page ocr_carea ocr_par ocr_line ocrx_word'/>
</head>
<body>
  <div class='ocr_page' id='page_1' title='image "./sanctithomaeaqu00thomgoog_0134.png"; bbox 0 0 2452 3970; ppageno 0'>
   <div class='ocr_carea' id='block_1_1' title="bbox 65 201 1025 1786">
    <p class='ocr_par' dir='ltr' id='par_1_1' title="bbox 65 201 1025 1786">
     <span class='ocr_line' id='line_1_1' title="bbox 277 201 991 276; baseline -0.006 0"><span class='ocrx_word' id='word_1_1' title='bbox 277 229 332 276; x_wconf 82' lang='lat' dir='ltr'><strong>trs.</strong></span> <span class='ocrx_word' id='word_1_2' title='bbox 352 201 396 274; x_wconf 84' lang='lat' dir='ltr'><strong>ht.</strong></span> <span class='ocrx_word' id='word_1_3' title='bbox 421 227 483 274; x_wconf 78' lang='lat' dir='ltr'><strong>aar.</strong></span> <span class='ocrx_word' id='word_1_4' title='bbox 501 229 575 272; x_wconf 83' lang='lat' dir='ltr'><strong>rtvr.</strong></span> <span class='ocrx_word' id='word_1_5' title='bbox 600 227 635 271; x_wconf 84' lang='lat' dir='ltr'><strong>ar</strong></span> <span class='ocrx_word' id='word_1_6' title='bbox 658 227 744 272; x_wconf 81' lang='lat' dir='ltr'><strong>rtvtt.</strong></span> <span class='ocrx_word' id='word_1_7' title='bbox 927 209 991 272; x_wconf 71' lang='lat' dir='ltr'><strong>llh</strong></span> 
     </span>
     <span class='ocr_line' id='line_1_2' title="bbox 82 295 994 384; baseline -0.002 -22"><span class='ocrx_word' id='word_1_8' title='bbox 82 296 240 362; x_wconf 85' lang='lat' dir='ltr'><strong>sciendum</strong></span> <span class='ocrx_word' id='word_1_9' title='bbox 257 299 295 364; x_wconf 88' lang='lat' dir='ltr'><strong>de</strong></span> <span class='ocrx_word' id='word_1_10' title='bbox 307 299 408 364; x_wconf 88' lang='lat' dir='ltr'><strong>anima</strong></span> <span class='ocrx_word' id='word_1_11' title='bbox 422 298 493 380; x_wconf 89' lang='lat' dir='ltr'><strong>quid</strong></span> <span class='ocrx_word' id='word_1_12' title='bbox 509 311 564 374; x_wconf 90' lang='lat' dir='ltr'><strong>est,</strong></span> <span class='ocrx_word' id='word_1_13' title='bbox 577 296 661 384; x_wconf 92' lang='lat' dir='ltr'><strong>quod</strong></span> <span class='ocrx_word' id='word_1_14' title='bbox 680 295 830 382; x_wconf 90' lang='lat' dir='ltr'><strong>possimus</strong></span> <span class='ocrx_word' id='word_1_15' title='bbox 844 295 882 360; x_wconf 91' lang='lat' dir='ltr'><strong>ad</strong></span> <span class='ocrx_word' id='word_1_16' title='bbox 895 297 994 362; x_wconf 85' lang='lat' dir='ltr'><strong>scien-</strong></span> 
     </span>
     <span class='ocr_line' id='line_1_3' title="bbox 81 385 994 474; baseline -0.001 -22"><span class='ocrx_word' id='word_1_17' title='bbox 81 387 149 452; x_wconf 88' lang='lat' dir='ltr'><strong>dum</strong></span> <span class='ocrx_word' id='word_1_18' title='bbox 164 387 241 474; x_wconf 88' lang='lat' dir='ltr'><strong>quid</strong></span> <span class='ocrx_word' id='word_1_19' title='bbox 263 402 308 452; x_wconf 89' lang='lat' dir='ltr'><strong>est</strong></span> <span class='ocrx_word' id='word_1_20' title='bbox 330 387 370 453; x_wconf 89' lang='lat' dir='ltr'><strong>de</strong></span> <span class='ocrx_word' id='word_1_21' title='bbox 392 387 567 452; x_wconf 86' lang='lat' dir='ltr'><strong>substantiis</strong></span> <span class='ocrx_word' id='word_1_22' title='bbox 579 387 726 471; x_wconf 84' lang='lat' dir='ltr'><strong>separatis</strong></span> <span class='ocrx_word' id='word_1_23' title='bbox 750 405 804 472; x_wconf 90' lang='lat' dir='ltr'><strong>per</strong></span> <span class='ocrx_word' id='word_1_24' title='bbox 816 385 994 470; x_wconf 87' lang='lat' dir='ltr'><strong>hujusmodi</strong></span> 
     </span>
     <span class='ocr_line' id='line_1_4' title="bbox 79 475 995 560; baseline -0.001 -21"><span class='ocrx_word' id='word_1_25' title='bbox 79 477 219 540; x_wconf 74' lang='lat' dir='ltr'><strong>scientias</strong></span> <span class='ocrx_word' id='word_1_26' title='bbox 257 476 413 551; x_wconf 87' lang='lat' dir='ltr'><strong>devenire;</strong></span> <span class='ocrx_word' id='word_1_27' title='bbox 452 495 524 540; x_wconf 91' lang='lat' dir='ltr'><strong>nam</strong></span> <span class='ocrx_word' id='word_1_28' title='bbox 561 475 733 560; x_wconf 79' lang='lat' dir='ltr'><strong>intelligere</strong></span> <span class='ocrx_word' id='word_1_29' title='bbox 764 489 914 550; x_wconf 85' lang='lat' dir='ltr'><strong>nostrum,</strong></span> <span class='ocrx_word' id='word_1_30' title='bbox 939 495 995 560; x_wconf 90' lang='lat' dir='ltr'><strong>per</strong></span> 
     </span>
     <span class='ocr_line' id='line_1_5' title="bbox 78 563 1025 652; baseline 0 -24"><span class='ocrx_word' id='word_1_31' title='bbox 78 564 157 649; x_wconf 90' lang='lat' dir='ltr'><strong>quod</strong></span> <span class='ocrx_word' id='word_1_32' title='bbox 195 566 393 652; x_wconf 77' lang='lat' dir='ltr'><strong>pervenimus</strong></span> <span class='ocrx_word' id='word_1_33' title='bbox 429 563 467 628; x_wconf 90' lang='lat' dir='ltr'><strong>ad</strong></span> <span class='ocrx_word' id='word_1_34' title='bbox 505 563 663 629; x_wconf 83' lang='lat' dir='ltr'><strong>scientium</strong></span> <span class='ocrx_word' id='word_1_35' title='bbox 703 563 742 626; x_wconf 88' lang='lat' dir='ltr'><strong>de</strong></span> <span class='ocrx_word' id='word_1_36' title='bbox 764 565 864 627; x_wconf 86' lang='lat' dir='ltr'><strong>anima</strong></span> <span class='ocrx_word' id='word_1_37' title='bbox 889 578 992 628; x_wconf 84' lang='lat' dir='ltr'><strong>nostru</strong></span> <span class='ocrx_word' id='word_1_38' title='bbox 1023 568 1025 576; x_wconf 83' lang='grc'><strong>“</strong></span> 
     </span>
     <span class='ocr_line' id='line_1_6' title="bbox 76 651 992 737; baseline 0.002 -23"><span class='ocrx_word' id='word_1_39' title='bbox 76 653 146 737; x_wconf 87' lang='lat' dir='ltr'><strong>quid</strong></span> <span class='ocrx_word' id='word_1_40' title='bbox 185 667 243 724; x_wconf 83' lang='lat' dir='ltr'><strong>est.</strong></span> <span class='ocrx_word' id='word_1_41' title='bbox 285 655 415 719; x_wconf 90' lang='lat' dir='ltr'><strong>multum</strong></span> <span class='ocrx_word' id='word_1_42' title='bbox 451 667 496 719; x_wconf 89' lang='lat' dir='ltr'><strong>est</strong></span> <span class='ocrx_word' id='word_1_43' title='bbox 526 667 679 718; x_wconf 88' lang='lat' dir='ltr'><strong>remotum</strong></span> <span class='ocrx_word' id='word_1_44' title='bbox 717 651 756 717; x_wconf 92' lang='lat' dir='ltr'><strong>ab</strong></span> <span class='ocrx_word' id='word_1_45' title='bbox 794 651 992 737; x_wconf 73' lang='lat' dir='ltr'><strong>intelligentia</strong></span> 
     </span>
     <span class='ocr_line' id='line_1_7' title="bbox 75 739 991 829; baseline 0 -25"><span class='ocrx_word' id='word_1_46' title='bbox 75 741 266 808; x_wconf 87' lang='lat' dir='ltr'><strong>substantiae</strong></span> <span class='ocrx_word' id='word_1_47' title='bbox 288 757 456 829; x_wconf 76' lang='lat' dir='ltr'><strong>separatae.</strong></span> <span class='ocrx_word' id='word_1_48' title='bbox 483 742 585 807; x_wconf 88' lang='lat' dir='ltr'><strong>Potest</strong></span> <span class='ocrx_word' id='word_1_49' title='bbox 610 755 723 818; x_wconf 90' lang='lat' dir='ltr'><strong>tamen,</strong></span> <span class='ocrx_word' id='word_1_50' title='bbox 747 761 802 827; x_wconf 86' lang='lat' dir='ltr'><strong>per</strong></span> <span class='ocrx_word' id='word_1_51' title='bbox 827 741 885 805; x_wconf 89' lang='lat' dir='ltr'><strong>hoo</strong></span> <span class='ocrx_word' id='word_1_52' title='bbox 908 739 991 827; x_wconf 84' lang='lat' dir='ltr'><strong>quoti</strong></span> 
     </span>
     <span class='ocr_line' id='line_1_8' title="bbox 74 829 992 916; baseline 0 -23"><span class='ocrx_word' id='word_1_53' title='bbox 74 831 167 894; x_wconf 88' lang='lat' dir='ltr'><strong>scitur</strong></span> <span class='ocrx_word' id='word_1_54' title='bbox 190 831 231 895; x_wconf 89' lang='lat' dir='ltr'><strong>de</strong></span> <span class='ocrx_word' id='word_1_55' title='bbox 255 833 357 896; x_wconf 89' lang='lat' dir='ltr'><strong>anima</strong></span> <span class='ocrx_word' id='word_1_56' title='bbox 381 845 484 896; x_wconf 89' lang='lat' dir='ltr'><strong>nostra</strong></span> <span class='ocrx_word' id='word_1_57' title='bbox 507 831 580 916; x_wconf 89' lang='lat' dir='ltr'><strong>quid</strong></span> <span class='ocrx_word' id='word_1_58' title='bbox 604 845 660 911; x_wconf 86' lang='lat' dir='ltr'><strong>est,</strong></span> <span class='ocrx_word' id='word_1_59' title='bbox 677 829 828 916; x_wconf 90' lang='lat' dir='ltr'><strong>perveniri</strong></span> <span class='ocrx_word' id='word_1_60' title='bbox 842 829 880 894; x_wconf 90' lang='lat' dir='ltr'><strong>ad</strong></span> <span class='ocrx_word' id='word_1_61' title='bbox 895 833 992 894; x_wconf 86' lang='lat' dir='ltr'><strong>scien·</strong></span> 
     </span>
     <span class='ocr_line' id='line_1_9' title="bbox 73 917 992 1005; baseline 0.001 -24"><span class='ocrx_word' id='word_1_62' title='bbox 73 917 145 982; x_wconf 89' lang='lat' dir='ltr'><strong>dum</strong></span> <span class='ocrx_word' id='word_1_63' title='bbox 171 919 297 1005; x_wconf 85' lang='lat' dir='ltr'><strong>aliquod</strong></span> <span class='ocrx_word' id='word_1_64' title='bbox 323 941 420 1004; x_wconf 81' lang='lat' dir='ltr'><strong>genus</strong></span> <span class='ocrx_word' id='word_1_65' title='bbox 443 933 596 984; x_wconf 89' lang='lat' dir='ltr'><strong>remotum</strong></span> <span class='ocrx_word' id='word_1_66' title='bbox 624 920 862 984; x_wconf 87' lang='lat' dir='ltr'><strong>substantiarum</strong></span> <span class='ocrx_word' id='word_1_67' title='bbox 896 927 992 1004; x_wconf 64' lang='lat' dir='ltr'><strong>‘sepa-</strong></span> 
     </span>
     <span class='ocr_line' id='line_1_10' title="bbox 73 1006 990 1093; baseline 0.003 -25"><span class='ocrx_word' id='word_1_68' title='bbox 73 1019 221 1086; x_wconf 89' lang='lat' dir='ltr'><strong>ratarum;</strong></span> <span class='ocrx_word' id='word_1_69' title='bbox 244 1009 327 1093; x_wconf 86' lang='lat' dir='ltr'><strong>quod</strong></span> <span class='ocrx_word' id='word_1_70' title='bbox 342 1028 403 1082; x_wconf 88' lang='lat' dir='ltr'><strong>non</strong></span> <span class='ocrx_word' id='word_1_71' title='bbox 428 1022 473 1072; x_wconf 87' lang='lat' dir='ltr'><strong>est</strong></span> <span class='ocrx_word' id='word_1_72' title='bbox 489 1029 595 1072; x_wconf 87' lang='lat' dir='ltr'><strong>earum</strong></span> <span class='ocrx_word' id='word_1_73' title='bbox 613 1009 796 1073; x_wconf 83' lang='lat' dir='ltr'><strong>substantias</strong></span> <span class='ocrx_word' id='word_1_74' title='bbox 809 1006 990 1092; x_wconf 79' lang='lat' dir='ltr'><strong>intelligere.</strong></span> 
     </span>
     <span class='ocr_line' id='line_1_11' title="bbox 72 1093 990 1183; baseline 0.002 -27"><span class='ocrx_word' id='word_1_75' title='bbox 72 1093 156 1162; x_wconf 90' lang='lat' dir='ltr'><strong>Sicut</strong></span> <span class='ocrx_word' id='word_1_76' title='bbox 180 1111 284 1162; x_wconf 87' lang='lat' dir='ltr'><strong>autem</strong></span> <span class='ocrx_word' id='word_1_77' title='bbox 309 1097 348 1164; x_wconf 88' lang='lat' dir='ltr'><strong>de</strong></span> <span class='ocrx_word' id='word_1_78' title='bbox 371 1098 472 1164; x_wconf 90' lang='lat' dir='ltr'><strong>anima</strong></span> <span class='ocrx_word' id='word_1_79' title='bbox 495 1097 609 1162; x_wconf 87' lang='lat' dir='ltr'><strong>scimus</strong></span> <span class='ocrx_word' id='word_1_80' title='bbox 632 1097 702 1183; x_wconf 91' lang='lat' dir='ltr'><strong>quia</strong></span> <span class='ocrx_word' id='word_1_81' title='bbox 719 1109 764 1160; x_wconf 87' lang='lat' dir='ltr'><strong>est</strong></span> <span class='ocrx_word' id='word_1_82' title='bbox 780 1116 834 1182; x_wconf 91' lang='lat' dir='ltr'><strong>per</strong></span> <span class='ocrx_word' id='word_1_83' title='bbox 846 1097 990 1182; x_wconf 85' lang='lat' dir='ltr'><strong>seipsam,</strong></span> 
     </span>
     <span class='ocr_line' id='line_1_12' title="bbox 71 1185 990 1272; baseline 0.005 -27"><span class='ocrx_word' id='word_1_84' title='bbox 71 1185 100 1246; x_wconf 88' lang='lat' dir='ltr'><strong>in</strong></span> <span class='ocrx_word' id='word_1_85' title='bbox 129 1202 281 1268; x_wconf 90' lang='lat' dir='ltr'><strong>quantum</strong></span> <span class='ocrx_word' id='word_1_86' title='bbox 305 1187 371 1272; x_wconf 78' lang='lat' dir='ltr'><strong>ejus</strong></span> <span class='ocrx_word' id='word_1_87' title='bbox 394 1200 478 1250; x_wconf 86' lang='lat' dir='ltr'><strong>aetus</strong></span> <span class='ocrx_word' id='word_1_88' title='bbox 502 1187 698 1271; x_wconf 79' lang='lat' dir='ltr'><strong>percipimus,</strong></span> <span class='ocrx_word' id='word_1_89' title='bbox 721 1187 794 1270; x_wconf 88' lang='lat' dir='ltr'><strong>quid</strong></span> <span class='ocrx_word' id='word_1_90' title='bbox 825 1199 927 1248; x_wconf 83' lang='lat' dir='ltr'><strong>autern</strong></span> <span class='ocrx_word' id='word_1_91' title='bbox 951 1189 990 1250; x_wconf 88' lang='lat' dir='ltr'><strong>sit</strong></span> 
     </span>
     <span class='ocr_line' id='line_1_13' title="bbox 70 1271 989 1360; baseline 0.004 -26"><span class='ocrx_word' id='word_1_92' title='bbox 70 1271 255 1358; x_wconf 85' lang='lat' dir='ltr'><strong>inquirimus</strong></span> <span class='ocrx_word' id='word_1_93' title='bbox 277 1295 314 1356; x_wconf 80' lang='lat' dir='ltr'><strong>ex</strong></span> <span class='ocrx_word' id='word_1_94' title='bbox 338 1275 454 1340; x_wconf 87' lang='lat' dir='ltr'><strong>actibus</strong></span> <span class='ocrx_word' id='word_1_95' title='bbox 478 1291 507 1338; x_wconf 92' lang='lat' dir='ltr'><strong>et</strong></span> <span class='ocrx_word' id='word_1_96' title='bbox 521 1273 647 1358; x_wconf 87' lang='lat' dir='ltr'><strong>objectis</strong></span> <span class='ocrx_word' id='word_1_97' title='bbox 663 1294 718 1360; x_wconf 91' lang='lat' dir='ltr'><strong>per</strong></span> <span class='ocrx_word' id='word_1_98' title='bbox 730 1273 875 1359; x_wconf 86' lang='lat' dir='ltr'><strong>principia</strong></span> <span class='ocrx_word' id='word_1_99' title='bbox 890 1273 989 1338; x_wconf 89' lang='lat' dir='ltr'><strong>scien·</strong></span> 
     </span>
     <span class='ocr_line' id='line_1_14' title="bbox 65 1359 987 1450; baseline 0.005 -29"><span class='ocrx_word' id='word_1_100' title='bbox 65 1359 177 1427; x_wconf 78' lang='lat' dir='ltr'><strong>siarum</strong></span> <span class='ocrx_word' id='word_1_101' title='bbox 203 1363 472 1450; x_wconf 81' lang='lat' dir='ltr'><strong>speculativarum,</strong></span> <span class='ocrx_word' id='word_1_102' title='bbox 496 1363 536 1426; x_wconf 93' lang='lat' dir='ltr'><strong>ita</strong></span> <span class='ocrx_word' id='word_1_103' title='bbox 560 1365 652 1427; x_wconf 87' lang='lat' dir='ltr'><strong>etiam</strong></span> <span class='ocrx_word' id='word_1_104' title='bbox 675 1363 715 1426; x_wconf 90' lang='lat' dir='ltr'><strong>dc</strong></span> <span class='ocrx_word' id='word_1_105' title='bbox 740 1363 786 1425; x_wconf 86' lang='lat' dir='ltr'><strong>his</strong></span> <span class='ocrx_word' id='word_1_106' title='bbox 813 1381 892 1446; x_wconf 90' lang='lat' dir='ltr'><strong>quae</strong></span> <span class='ocrx_word' id='word_1_107' title='bbox 916 1378 987 1426; x_wconf 88' lang='lat' dir='ltr'><strong>sunt</strong></span> 
     </span>
     <span class='ocr_line' id='line_1_15' title="bbox 69 1449 986 1538; baseline 0.002 -28"><span class='ocrx_word' id='word_1_108' title='bbox 69 1449 97 1512; x_wconf 90' lang='lat' dir='ltr'><strong>iu</strong></span> <span class='ocrx_word' id='word_1_109' title='bbox 135 1451 241 1516; x_wconf 87' lang='lat' dir='ltr'><strong>anima</strong></span> <span class='ocrx_word' id='word_1_110' title='bbox 280 1465 396 1530; x_wconf 90' lang='lat' dir='ltr'><strong>nostra,</strong></span> <span class='ocrx_word' id='word_1_111' title='bbox 433 1452 548 1518; x_wconf 88' lang='lat' dir='ltr'><strong>scilicet</strong></span> <span class='ocrx_word' id='word_1_112' title='bbox 585 1452 730 1538; x_wconf 89' lang='lat' dir='ltr'><strong>potentiis</strong></span> <span class='ocrx_word' id='word_1_113' title='bbox 763 1464 794 1513; x_wconf 92' lang='lat' dir='ltr'><strong>et</strong></span> <span class='ocrx_word' id='word_1_114' title='bbox 820 1449 986 1528; x_wconf 79' lang='lat' dir='ltr'><strong>habitibus,</strong></span> 
     </span>
     <span class='ocr_line' id='line_1_16' title="bbox 70 1539 986 1627; baseline 0.002 -28"><span class='ocrx_word' id='word_1_115' title='bbox 70 1539 182 1604; x_wconf 89' lang='lat' dir='ltr'><strong>scimus</strong></span> <span class='ocrx_word' id='word_1_116' title='bbox 205 1539 333 1626; x_wconf 80' lang='lat' dir='ltr'><strong>quidem</strong></span> <span class='ocrx_word' id='word_1_117' title='bbox 357 1541 427 1627; x_wconf 91' lang='lat' dir='ltr'><strong>quia</strong></span> <span class='ocrx_word' id='word_1_118' title='bbox 450 1556 531 1618; x_wconf 90' lang='lat' dir='ltr'><strong>sunt,</strong></span> <span class='ocrx_word' id='word_1_119' title='bbox 555 1540 585 1603; x_wconf 94' lang='lat' dir='ltr'><strong>in</strong></span> <span class='ocrx_word' id='word_1_120' title='bbox 609 1553 758 1624; x_wconf 90' lang='lat' dir='ltr'><strong>quantum</strong></span> <span class='ocrx_word' id='word_1_121' title='bbox 781 1552 866 1602; x_wconf 87' lang='lat' dir='ltr'><strong>actus</strong></span> <span class='ocrx_word' id='word_1_122' title='bbox 889 1540 986 1624; x_wconf 88' lang='lat' dir='ltr'><strong>perci·</strong></span> 
     </span>
     <span class='ocr_line' id='line_1_17' title="bbox 69 1626 986 1715; baseline 0.002 -27"><span class='ocrx_word' id='word_1_123' title='bbox 69 1626 180 1709; x_wconf 82' lang='lat' dir='ltr'><strong>pimus3</strong></span> <span class='ocrx_word' id='word_1_124' title='bbox 205 1631 279 1715; x_wconf 88' lang='lat' dir='ltr'><strong>quid</strong></span> <span class='ocrx_word' id='word_1_125' title='bbox 305 1649 378 1696; x_wconf 90' lang='lat' dir='ltr'><strong>vero</strong></span> <span class='ocrx_word' id='word_1_126' title='bbox 401 1631 472 1706; x_wconf 89' lang='lat' dir='ltr'><strong>sint,</strong></span> <span class='ocrx_word' id='word_1_127' title='bbox 495 1651 534 1696; x_wconf 84' lang='lat' dir='ltr'><strong>ex</strong></span> <span class='ocrx_word' id='word_1_128' title='bbox 558 1629 694 1715; x_wconf 77' lang='lat' dir='ltr'><strong>ipsorum</strong></span> <span class='ocrx_word' id='word_1_129' title='bbox 719 1641 843 1693; x_wconf 86' lang='lat' dir='ltr'><strong>actuum</strong></span> <span class='ocrx_word' id='word_1_130' title='bbox 860 1627 986 1713; x_wconf 83' lang='lat' dir='ltr'><strong>qualita-</strong></span> 
     </span>
     <span class='ocr_line' id='line_1_18' title="bbox 66 1717 302 1786; baseline 0.038 -11"><span class='ocrx_word' id='word_1_131' title='bbox 66 1727 93 1778; x_wconf 91' lang='lat' dir='ltr'><strong>te</strong></span> <span class='ocrx_word' id='word_1_132' title='bbox 118 1717 302 1786; x_wconf 83' lang='lat' dir='ltr'><strong>invenimus.</strong></span> 
     </span>
    </p>
   </div>
   <div class='ocr_carea' id='block_1_2' title="bbox 363 1893 686 1962">
    <p class='ocr_par' dir='ltr' id='par_1_2' title="bbox 363 1893 686 1962">
     <span class='ocr_line' id='line_1_19' title="bbox 363 1893 686 1962; baseline 0 0"><span class='ocrx_word' id='word_1_133' title='bbox 363 1894 535 1962; x_wconf 77' lang='lat' dir='ltr'>CAPUT</span> <span class='ocrx_word' id='word_1_134' title='bbox 573 1893 686 1962; x_wconf 84' lang='lat' dir='ltr'><strong>xtvtt.</strong></span> 
     </span>
    </p>
   </div>
   <div class='ocr_carea' id='block_1_3' title="bbox 107 2071 935 2247">
    <p class='ocr_par' dir='ltr' id='par_1_3' title="bbox 107 2071 935 2247">
     <span class='ocr_line' id='line_1_20' title="bbox 107 2071 935 2159; baseline -0.004 -19"><span class='ocrx_word' id='word_1_135' title='bbox 107 2071 199 2151; x_wconf 84' lang='lat' dir='ltr'><strong>Quod</strong></span> <span class='ocrx_word' id='word_1_136' title='bbox 221 2095 281 2140; x_wconf 82' lang='lat' dir='ltr'><strong>uon</strong></span> <span class='ocrx_word' id='word_1_137' title='bbox 301 2095 465 2159; x_wconf 75' lang='lat' dir='ltr'><strong>patruinus</strong></span> <span class='ocrx_word' id='word_1_138' title='bbox 487 2076 519 2138; x_wconf 85' lang='lat' dir='ltr'><strong>iu</strong></span> <span class='ocrx_word' id='word_1_139' title='bbox 543 2076 601 2140; x_wconf 86' lang='lat' dir='ltr'><strong>hac</strong></span> <span class='ocrx_word' id='word_1_140' title='bbox 622 2075 688 2140; x_wconf 85' lang='lat' dir='ltr'><strong>uita</strong></span> <span class='ocrx_word' id='word_1_141' title='bbox 715 2073 820 2140; x_wconf 81' lang='lat' dir='ltr'><strong>videre</strong></span> <span class='ocrx_word' id='word_1_142' title='bbox 839 2073 935 2138; x_wconf 86' lang='lat' dir='ltr'><strong>Deum</strong></span> 
     </span>
     <span class='ocr_line' id='line_1_21' title="bbox 385 2174 648 2247; baseline 0 -19"><span class='ocrx_word' id='word_1_143' title='bbox 385 2185 445 2247; x_wconf 85' lang='lat' dir='ltr'><strong>per</strong></span> <span class='ocrx_word' id='word_1_144' title='bbox 475 2174 648 2230; x_wconf 84' lang='lat' dir='ltr'><strong>essentiam.</strong></span> 
     </span>
    </p>
   </div>
   <div class='ocr_carea' id='block_1_4' title="bbox 62 2337 1070 3408">
    <p class='ocr_par' dir='ltr' id='par_1_4' title="bbox 62 2337 981 2783">
     <span class='ocr_line' id='line_1_22' title="bbox 126 2337 981 2426; baseline 0.004 -25"><span class='ocrx_word' id='word_1_145' title='bbox 126 2337 156 2403; x_wconf 90' lang='lat' dir='ltr'><strong>Si</strong></span> <span class='ocrx_word' id='word_1_146' title='bbox 182 2355 284 2406; x_wconf 85' lang='lat' dir='ltr'><strong>autem</strong></span> <span class='ocrx_word' id='word_1_147' title='bbox 308 2341 494 2407; x_wconf 88' lang='lat' dir='ltr'><strong>substantias</strong></span> <span class='ocrx_word' id='word_1_148' title='bbox 517 2354 672 2426; x_wconf 89' lang='lat' dir='ltr'><strong>separatas</strong></span> <span class='ocrx_word' id='word_1_149' title='bbox 698 2342 729 2405; x_wconf 92' lang='lat' dir='ltr'><strong>in</strong></span> <span class='ocrx_word' id='word_1_150' title='bbox 754 2339 810 2405; x_wconf 91' lang='lat' dir='ltr'><strong>hac</strong></span> <span class='ocrx_word' id='word_1_151' title='bbox 837 2338 898 2404; x_wconf 90' lang='lat' dir='ltr'><strong>vita</strong></span> <span class='ocrx_word' id='word_1_152' title='bbox 934 2340 981 2404; x_wconf 93' lang='lat' dir='ltr'><strong>in·</strong></span> 
     </span>
     <span class='ocr_line' id='line_1_23' title="bbox 64 2423 978 2520; baseline 0.008 -34"><span class='ocrx_word' id='word_1_153' title='bbox 64 2423 198 2520; x_wconf 76' lang='lat' dir='ltr'><strong>telligere</strong></span> <span class='ocrx_word' id='word_1_154' title='bbox 236 2451 297 2494; x_wconf 92' lang='lat' dir='ltr'><strong>non</strong></span> <span class='ocrx_word' id='word_1_155' title='bbox 336 2451 499 2516; x_wconf 87' lang='lat' dir='ltr'><strong>possumus</strong></span> <span class='ocrx_word' id='word_1_156' title='bbox 539 2444 663 2516; x_wconf 87' lang='lat' dir='ltr'><strong>propter</strong></span> <span class='ocrx_word' id='word_1_157' title='bbox 688 2429 978 2494; x_wconf 86' lang='lat' dir='ltr'><strong>connaturalitatem</strong></span> 
     </span>
     <span class='ocr_line' id='line_1_24' title="bbox 64 2514 980 2610; baseline 0.005 -35"><span class='ocrx_word' id='word_1_158' title='bbox 64 2514 233 2610; x_wconf 64' lang='lat' dir='ltr'><strong>intellectus</strong></span> <span class='ocrx_word' id='word_1_159' title='bbox 256 2521 350 2583; x_wconf 83' lang='lat' dir='ltr'><strong>nostri</strong></span> <span class='ocrx_word' id='word_1_160' title='bbox 373 2520 411 2583; x_wconf 91' lang='lat' dir='ltr'><strong>ati</strong></span> <span class='ocrx_word' id='word_1_161' title='bbox 436 2521 648 2606; x_wconf 88' lang='lat' dir='ltr'><strong>phantasmata</strong></span> <span class='ocrx_word' id='word_1_162' title='bbox 672 2519 734 2605; x_wconf 91' lang='lat' dir='ltr'><strong>(l),</strong></span> <span class='ocrx_word' id='word_1_163' title='bbox 758 2517 854 2582; x_wconf 89' lang='lat' dir='ltr'><strong>multo</strong></span> <span class='ocrx_word' id='word_1_164' title='bbox 878 2521 980 2582; x_wconf 85' lang='lat' dir='ltr'><strong>minus</strong></span> 
     </span>
     <span class='ocr_line' id='line_1_25' title="bbox 65 2605 980 2692; baseline 0.007 -28"><span class='ocrx_word' id='word_1_165' title='bbox 65 2619 92 2663; x_wconf 90' lang='lat' dir='ltr'><strong>tn</strong></span> <span class='ocrx_word' id='word_1_166' title='bbox 130 2605 189 2670; x_wconf 91' lang='lat' dir='ltr'><strong>hac</strong></span> <span class='ocrx_word' id='word_1_167' title='bbox 227 2607 285 2671; x_wconf 90' lang='lat' dir='ltr'><strong>vita</strong></span> <span class='ocrx_word' id='word_1_168' title='bbox 323 2608 459 2673; x_wconf 86' lang='lat' dir='ltr'><strong>divinam</strong></span> <span class='ocrx_word' id='word_1_169' title='bbox 484 2609 647 2675; x_wconf 88' lang='lat' dir='ltr'><strong>essentiam</strong></span> <span class='ocrx_word' id='word_1_170' title='bbox 673 2609 777 2672; x_wconf 81' lang='lat' dir='ltr'><strong>videre</strong></span> <span class='ocrx_word' id='word_1_171' title='bbox 805 2626 980 2692; x_wconf 82' lang='lat' dir='ltr'><strong>possumus,</strong></span> 
     </span>
     <span class='ocr_line' id='line_1_26' title="bbox 62 2695 876 2783; baseline 0.007 -29"><span class='ocrx_word' id='word_1_172' title='bbox 62 2707 139 2772; x_wconf 91' lang='lat' dir='ltr'><strong>quae</strong></span> <span class='ocrx_word' id='word_1_173' title='bbox 163 2695 349 2761; x_wconf 86' lang='lat' dir='ltr'><strong>transcendit</strong></span> <span class='ocrx_word' id='word_1_174' title='bbox 373 2717 482 2762; x_wconf 91' lang='lat' dir='ltr'><strong>omnes</strong></span> <span class='ocrx_word' id='word_1_175' title='bbox 505 2697 690 2762; x_wconf 89' lang='lat' dir='ltr'><strong>substantias</strong></span> <span class='ocrx_word' id='word_1_176' title='bbox 712 2710 876 2783; x_wconf 89' lang='lat' dir='ltr'><strong>separatas.</strong></span> 
     </span>
    </p>

    <p class='ocr_par' dir='ltr' id='par_1_5' title="bbox 64 2782 1070 3408">
     <span class='ocr_line' id='line_1_27' title="bbox 130 2782 980 2869; baseline -0.001 -22"><span class='ocrx_word' id='word_1_177' title='bbox 130 2782 226 2868; x_wconf 88' lang='lat' dir='ltr'><strong>Hujus</strong></span> <span class='ocrx_word' id='word_1_178' title='bbox 250 2799 352 2850; x_wconf 88' lang='lat' dir='ltr'><strong>autem</strong></span> <span class='ocrx_word' id='word_1_179' title='bbox 376 2789 498 2868; x_wconf 79' lang='lat' dir='ltr'><strong>signum</strong></span> <span class='ocrx_word' id='word_1_180' title='bbox 523 2788 594 2850; x_wconf 89' lang='lat' dir='ltr'><strong>hinc</strong></span> <span class='ocrx_word' id='word_1_181' title='bbox 626 2785 719 2850; x_wconf 90' lang='lat' dir='ltr'><strong>etiam</strong></span> <span class='ocrx_word' id='word_1_182' title='bbox 755 2783 849 2869; x_wconf 89' lang='lat' dir='ltr'><strong>accipi</strong></span> <span class='ocrx_word' id='word_1_183' title='bbox 881 2795 980 2868; x_wconf 77' lang='lat' dir='ltr'><strong>potest</strong></span> 
     </span>
     <span class='ocr_line' id='line_1_28' title="bbox 66 2869 1070 2960; baseline 0 -26"><span class='ocrx_word' id='word_1_184' title='bbox 66 2869 143 2950; x_wconf 81' lang='lat' dir='ltr'><strong>quia,</strong></span> <span class='ocrx_word' id='word_1_185' title='bbox 166 2877 392 2960; x_wconf 82' lang='lat' dir='ltr'><strong>quantomagis</strong></span> <span class='ocrx_word' id='word_1_186' title='bbox 415 2893 503 2940; x_wconf 76' lang='lat' dir='ltr'><strong>metis</strong></span> <span class='ocrx_word' id='word_1_187' title='bbox 527 2889 629 2938; x_wconf 87' lang='lat' dir='ltr'><strong>nostra</strong></span> <span class='ocrx_word' id='word_1_188' title='bbox 666 2873 704 2938; x_wconf 88' lang='lat' dir='ltr'><strong>ad</strong></span> <span class='ocrx_word' id='word_1_189' title='bbox 740 2871 978 2957; x_wconf 86' lang='lat' dir='ltr'><strong>contemplanda</strong></span> <span class='ocrx_word' id='word_1_190' title='bbox 1068 2921 1070 2926; x_wconf 92' lang='lat'><em>.</em></span> 
     </span>
     <span class='ocr_line' id='line_1_29' title="bbox 64 2959 978 3046; baseline 0.002 -26"><span class='ocrx_word' id='word_1_191' title='bbox 64 2959 227 3039; x_wconf 81' lang='lat' dir='ltr'><strong>spiritualia</strong></span> <span class='ocrx_word' id='word_1_192' title='bbox 251 2963 398 3040; x_wconf 61' lang='lat' dir='ltr'><strong>elevatur,</strong></span> <span class='ocrx_word' id='word_1_193' title='bbox 421 2977 505 3030; x_wconf 89' lang='lat' dir='ltr'><strong>tanto</strong></span> <span class='ocrx_word' id='word_1_194' title='bbox 528 2963 625 3046; x_wconf 79' lang='lat' dir='ltr'><strong>magis</strong></span> <span class='ocrx_word' id='word_1_195' title='bbox 654 2962 839 3026; x_wconf 80' lang='lat' dir='ltr'><strong>abstrahitur</strong></span> <span class='ocrx_word' id='word_1_196' title='bbox 869 2979 978 3023; x_wconf 86' lang='lat' dir='ltr'><strong>asen-</strong></span> 
     </span>
     <span class='ocr_line' id='line_1_30' title="bbox 65 3044 978 3135; baseline 0.008 -31"><span class='ocrx_word' id='word_1_197' title='bbox 65 3044 209 3113; x_wconf 86' lang='lat' dir='ltr'><strong>sibilibus.</strong></span> <span class='ocrx_word' id='word_1_198' title='bbox 239 3051 369 3116; x_wconf 89' lang='lat' dir='ltr'><strong>Ultimus</strong></span> <span class='ocrx_word' id='word_1_199' title='bbox 392 3065 493 3116; x_wconf 90' lang='lat' dir='ltr'><strong>autem</strong></span> <span class='ocrx_word' id='word_1_200' title='bbox 518 3054 667 3114; x_wconf 88' lang='lat' dir='ltr'><strong>terminus</strong></span> <span class='ocrx_word' id='word_1_201' title='bbox 684 3070 744 3135; x_wconf 91' lang='lat' dir='ltr'><strong>quo</strong></span> <span class='ocrx_word' id='word_1_202' title='bbox 761 3048 978 3133; x_wconf 88' lang='lat' dir='ltr'><strong>contemplatio</strong></span> 
     </span>
     <span class='ocr_line' id='line_1_31' title="bbox 66 3136 977 3226; baseline 0.004 -30"><span class='ocrx_word' id='word_1_203' title='bbox 66 3136 234 3222; x_wconf 73' lang='lat' dir='ltr'><strong>pertingere</strong></span> <span class='ocrx_word' id='word_1_204' title='bbox 257 3155 356 3226; x_wconf 91' lang='lat' dir='ltr'><strong>potest</strong></span> <span class='ocrx_word' id='word_1_205' title='bbox 368 3154 411 3206; x_wconf 87' lang='lat' dir='ltr'><strong>est</strong></span> <span class='ocrx_word' id='word_1_206' title='bbox 429 3140 530 3204; x_wconf 87' lang='lat' dir='ltr'><strong>divina</strong></span> <span class='ocrx_word' id='word_1_207' title='bbox 555 3139 731 3204; x_wconf 89' lang='lat' dir='ltr'><strong>substantia.</strong></span> <span class='ocrx_word' id='word_1_208' title='bbox 747 3137 834 3202; x_wconf 88' lang='lat' dir='ltr'><strong>Unde</strong></span> <span class='ocrx_word' id='word_1_209' title='bbox 858 3151 977 3222; x_wconf 85' lang='lat' dir='ltr'><strong>oportet</strong></span> 
     </span>
     <span class='ocr_line' id='line_1_32' title="bbox 66 3225 977 3312; baseline 0.01 -29"><span class='ocrx_word' id='word_1_210' title='bbox 66 3239 195 3292; x_wconf 88' lang='lat' dir='ltr'><strong>mentem</strong></span> <span class='ocrx_word' id='word_1_211' title='bbox 219 3247 298 3312; x_wconf 90' lang='lat' dir='ltr'><strong>quae</strong></span> <span class='ocrx_word' id='word_1_212' title='bbox 324 3228 458 3295; x_wconf 89' lang='lat' dir='ltr'><strong>tlivinam</strong></span> <span class='ocrx_word' id='word_1_213' title='bbox 476 3229 678 3294; x_wconf 91' lang='lat' dir='ltr'><strong>substantiam</strong></span> <span class='ocrx_word' id='word_1_214' title='bbox 697 3226 778 3291; x_wconf 91' lang='lat' dir='ltr'><strong>videt</strong></span> <span class='ocrx_word' id='word_1_215' title='bbox 806 3225 936 3292; x_wconf 84' lang='lat' dir='ltr'><strong>totaliter</strong></span> <span class='ocrx_word' id='word_1_216' title='bbox 960 3249 977 3292; x_wconf 89' lang='lat' dir='ltr'><strong>a</strong></span> 
     </span>
     <span class='ocr_line' id='line_1_33' title="bbox 65 3315 977 3408; baseline 0.005 -33"><span class='ocrx_word' id='word_1_217' title='bbox 65 3315 214 3400; x_wconf 80' lang='lat' dir='ltr'><strong>corporeis</strong></span> <span class='ocrx_word' id='word_1_218' title='bbox 239 3317 469 3408; x_wconf 13' lang='lat' dir='ltr'><strong>sensibushesse</strong></span> <span class='ocrx_word' id='word_1_219' title='bbox 493 3316 675 3394; x_wconf 90' lang='lat' dir='ltr'><strong>absolutam,</strong></span> <span class='ocrx_word' id='word_1_220' title='bbox 699 3316 746 3380; x_wconf 91' lang='lat' dir='ltr'><strong>vel</strong></span> <span class='ocrx_word' id='word_1_221' title='bbox 769 3335 823 3402; x_wconf 90' lang='lat' dir='ltr'><strong>per</strong></span> <span class='ocrx_word' id='word_1_222' title='bbox 845 3331 977 3380; x_wconf 87' lang='lat' dir='ltr'><strong>mortem</strong></span> 
     </span>
    </p>
   </div>
   <div class='ocr_carea' id='block_1_5' title="bbox 64 3425 977 3582">
    <p class='ocr_par' dir='ltr' id='par_1_6' title="bbox 64 3425 977 3582">
     <span class='ocr_line' id='line_1_34' title="bbox 109 3425 977 3509; baseline -0.001 -17"><span class='ocrx_word' id='word_1_223' title='bbox 109 3425 148 3504; x_wconf 74' lang='lat' dir='ltr'><strong>(l)</strong></span> <span class='ocrx_word' id='word_1_224' title='bbox 169 3438 278 3508; x_wconf 78' lang='lat' dir='ltr'><strong>Propter</strong></span> <span class='ocrx_word' id='word_1_225' title='bbox 299 3439 553 3505; x_wconf 80' lang='lat' dir='ltr'><strong>connaturalitatem,</strong></span> <span class='ocrx_word' id='word_1_226' title='bbox 565 3439 616 3491; x_wconf 61' lang='lat' dir='ltr'><strong>ile.</strong></span> <span class='ocrx_word' id='word_1_227' title='bbox 626 3445 735 3509; x_wconf 86' lang='lat' dir='ltr'><strong>propter</strong></span> <span class='ocrx_word' id='word_1_228' title='bbox 748 3439 818 3509; x_wconf 91' lang='lat' dir='ltr'><strong>quod</strong></span> <span class='ocrx_word' id='word_1_229' title='bbox 831 3438 977 3491; x_wconf 89' lang='lat' dir='ltr'><strong>intellectus</strong></span> 
     </span>
     <span class='ocr_line' id='line_1_35' title="bbox 64 3509 976 3582; baseline 0.005 -24"><span class='ocrx_word' id='word_1_230' title='bbox 64 3514 153 3578; x_wconf 81' lang='lat' dir='ltr'><strong>noster,</strong></span> <span class='ocrx_word' id='word_1_231' title='bbox 171 3512 198 3562; x_wconf 93' lang='lat' dir='ltr'><strong>in</strong></span> <span class='ocrx_word' id='word_1_232' title='bbox 212 3511 331 3578; x_wconf 78' lang='lat' dir='ltr'><strong>haesita,</strong></span> <span class='ocrx_word' id='word_1_233' title='bbox 350 3527 401 3564; x_wconf 90' lang='lat' dir='ltr'><strong>uon</strong></span> <span class='ocrx_word' id='word_1_234' title='bbox 414 3519 500 3581; x_wconf 84' lang='lat' dir='ltr'><strong>potest</strong></span> <span class='ocrx_word' id='word_1_235' title='bbox 509 3509 651 3580; x_wconf 76' lang='lat' dir='ltr'><strong>intelligere</strong></span> <span class='ocrx_word' id='word_1_236' title='bbox 663 3512 711 3564; x_wconf 90' lang='lat' dir='ltr'><strong>utsi</strong></span> <span class='ocrx_word' id='word_1_237' title='bbox 724 3525 772 3582; x_wconf 84' lang='lat' dir='ltr'><strong>per</strong></span> <span class='ocrx_word' id='word_1_238' title='bbox 785 3510 976 3582; x_wconf 81' lang='lat' dir='ltr'><strong>phantasmata.</strong></span> 
     </span>
    </p>
   </div>
   <div class='ocr_carea' id='block_1_6' title="bbox 105 3578 929 3651">
    <p class='ocr_par' dir='ltr' id='par_1_7' title="bbox 105 3578 929 3651">
     <span class='ocr_line' id='line_1_36' title="bbox 105 3578 929 3651; baseline 0.001 -7"><span class='ocrx_word' id='word_1_239' title='bbox 105 3578 134 3646; x_wconf 89' lang='lat' dir='ltr'><strong>S.</strong></span> <span class='ocrx_word' id='word_1_240' title='bbox 162 3583 216 3650; x_wconf 81' lang='lat' dir='ltr'><strong>lh.</strong></span> <span class='ocrx_word' id='word_1_241' title='bbox 242 3583 386 3650; x_wconf 85' lang='lat' dir='ltr'><strong>Sumtutte</strong></span> <span class='ocrx_word' id='word_1_242' title='bbox 409 3583 489 3649; x_wconf 76' lang='lat' dir='ltr'><strong>rtet.</strong></span> <span class='ocrx_word' id='word_1_243' title='bbox 515 3583 548 3651; x_wconf 86' lang='lat' dir='ltr'><strong>V.</strong></span> <span class='ocrx_word' id='word_1_244' title='bbox 572 3587 602 3648; x_wconf 72' lang='lat'><strong>⁹2.</strong></span> <span class='ocrx_word' id='word_1_245' title='bbox 909 3582 929 3645; x_wconf 88' lang='lat'>9</span> 
     </span>
    </p>
   </div>
   <div class='ocr_carea' id='block_1_7' title="bbox 0 0 1230 3970">
    <p class='ocr_par' dir='ltr' id='par_1_8' title="bbox 0 0 1230 3970">
     <span class='ocr_line' id='line_1_37' title="bbox 0 0 1230 3970; baseline 0 5"><span class='ocrx_word' id='word_1_246' title='bbox 0 0 1230 3970; x_wconf 95' lang='lat' dir='ltr'><strong> </strong></span> 
     </span>
    </p>
   </div>
  </div>
 </body>
</html>
