2462 3968
241 226 305 294 tt8
524 249 579 296 tm.
604 251 644 296 ru.
669 248 733 296 utr.
755 250 870 298 turum.

307 316 482 398 Praeterea,
504 316 581 390 lluio
605 319 647 389 tci
672 319 767 386 iidem
788 320 897 386 -laciet
919 319 943 386 si
977 321 1146 388 considere·

240 427 309 473 mus
332 425 368 473 ea
391 426 471 492 quae
493 429 509 480 o
535 408 726 494 philosophis
759 408 840 476 eima
873 409 934 476 lmo
956 408 1038 476 dicta
1074 423 1146 476 suut.

239 495 360 580 Antiqui
383 496 465 568 euim
490 497 665 584 plutlosoplri
687 497 853 574 naturales,
875 511 909 566 ut
946 497 1146 574 Democritus,

237 583 439 670 Empedocles
476 600 507 652 et
529 584 718 671 hujusmodi,
741 599 910 674 posueruut
931 587 1016 672 quod
1041 587 1148 654 intelle-

147 695 155 718 ·
237 687 303 738 etus
326 693 390 737 non
411 672 514 746 diflert
536 695 554 744 a
576 696 680 753 sensu,
704 689 737 748 ut
761 688 842 760 petet
864 677 895 742 in
929 690 1041 766 quarto
1064 676 1147 742 llleta·

238 761 433 847 physicorum
465 765 566 850 (text.
590 784 703 836 comm·
727 765 800 848 ill)
834 778 864 830 et
886 765 917 830 iu
941 765 1033 830 tertio
1057 764 1095 832 dc
1115 768 1147 830 t-

238 851 331 927 uima3
355 863 385 914 et
408 851 478 919 ideo
501 852 686 940 sequebatur
709 853 792 940 quod
815 853 988 923 intellectus
1001 853 1041 918 sit
1063 874 1147 939 quae·
1202 867 1203 878 ¹

237 938 308 1006 dam
333 940 425 1004 virtus
448 962 597 1028 corporea
631 961 764 1028 saquem
801 963 966 1029 corporum
1005 955 1148 1012 transmu-

238 1029 396 1102 tationem
419 1042 449 1094 et
473 1030 543 1099 ideo
567 1029 710 1102 dixerunt
732 1031 826 1118 quod,
851 1053 923 1099 cum
940 1033 1148 1100 transmutatio

237 1115 418 1182 inferiorum
441 1139 607 1206 corporum
631 1134 776 1204 sequatur
793 1121 1084 1192 transmutationem
1105 1141 1149 1186 su-

237 1206 393 1291 periurum
430 1227 609 1294 corporum,
642 1209 855 1280 intellectualis
890 1209 981 1274 etiam
1019 1203 1148 1297 operatio

236 1308 382 1380 sequetur
419 1317 586 1383 corporum
624 1297 801 1370 caelestium
838 1311 941 1365 motus
983 1297 1149 1366 seeundum

235 1382 311 1450 illud
334 1383 469 1453 Homeri:
500 1386 586 1454 Tollo
608 1397 653 1450 eat
674 1387 845 1456 t'tttelloottts
867 1387 900 1451 itt
922 1388 984 1452 dir'o
1008 1399 1040 1452 et
1063 1388 1149 1454 lromt‘·

235 1471 324 1538 ottus
349 1476 488 1552 terreni-t,
512 1475 635 1559 qualem
658 1476 690 1540 itt
713 1476 779 1542 dice
812 1476 929 1543 inducit
948 1487 1045 1560 poter
1077 1477 1148 1542 oim-

235 1582 304 1628 eurr
328 1563 525 1648 deorumque,
549 1563 627 1631 idest
648 1563 707 1642 sol,
730 1564 777 1630 rel
801 1565 898 1650 mago
908 1565 1040 1651 Jupiter,
1063 1583 1149 1651 quem

234 1649 386 1731 dicebaut,
409 1673 567 1724 summum
591 1653 704 1732 Demo,
727 1653 931 1737 intelligentes
962 1674 1019 1740 per
1055 1654 1148 1740 ipsum

234 1752 332 1806 totum
355 1741 485 1820 eaelum,
509 1754 542 1808 ut
564 1753 647 1827 patet
670 1761 725 1828 per
747 1742 951 1830 Augustinum
990 1742 1054 1825 (l).
1079 1741 1148 1806 lliuo

235 1829 327 1895 etiam
351 1833 499 1916 prooessit
521 1831 687 1902 stoicorum
712 1830 826 1916 opinio,
849 1831 902 1917 qui
936 1829 1082 1898 dicebant
1103 1849 1147 1896 co-

234 1918 401 2000 guitionem
426 1919 596 1985 intellectus
631 1920 749 1984 causari
788 1939 824 1984 ex
863 1919 922 1984 hoc
955 1919 1042 2005 quod
1077 1919 1146 1984 ima·

234 2005 321 2088 gitteo
344 2001 509 2094 corportim
532 2007 644 2077 nostris
667 2007 822 2076 mentibus
858 2007 1092 2093 imprimuntur,
1112 2007 1147 2070 si·

234 2109 285 2160 out
306 2097 465 2181 speculum
484 2097 634 2181 imagines
656 2109 686 2166 et
710 2096 821 2183 pagiua
844 2097 950 2184 recipit
968 2095 1086 2166 litteras
1097 2095 1147 2162 im·

233 2203 353 2269 pressas
378 2185 495 2272 absque
520 2187 579 2254 troc
602 2184 687 2271 quod
714 2183 829 2272 aliquid
852 2199 933 2268 agat,
955 2199 988 2252 ut
1026 2185 1147 2254 Boetius

115 2335 120 2338 .
233 2288 336 2338 narrat
358 2275 421 2358 (ἵης
443 2274 615 2346 seeundum
652 2293 784 2360 quorum
820 2274 1004 2346 senteutiam
1042 2293 1148 2360 seque·

233 2361 323 2428 batur
346 2364 429 2448 quod
453 2365 588 2430 maxime
609 2383 649 2434 ex
665 2363 866 2448 impressione
888 2383 1058 2450 corporum
1083 2381 1148 2428 eae·

231 2449 353 2516 lestium
378 2451 597 2522 intellectuales
619 2450 761 2522 notiones
785 2451 874 2519 uoltis
888 2451 1148 2538 imprimerentun

233 2539 369 2606 undeet
399 2541 485 2608 stoici
524 2539 649 2612 luerunt
683 2540 736 2625 qui
770 2541 936 2626 praecipue
969 2541 1148 2610 necessitate

231 2629 364 2715 quadam
389 2628 470 2698 fatali
494 2629 656 2700 lroruinum
679 2629 771 2698 ritum
794 2627 865 2698 duci
897 2644 1077 2716 posueruut.
1090 2626 1147 2694 Sed

233 2721 308 2784 traec
332 2718 441 2806 positio
465 2719 537 2783 inde
561 2718 612 2802 (3)
637 2716 711 2782 lalsa
736 2730 872 2804 apparet,
896 2732 928 2786 ut
965 2719 1092 2786 Boetius
1127 2716 1148 2780 i·

231 2805 334 2874 bidem
358 2807 441 2885 dicit,
467 2805 550 2892 quud
574 2806 746 2874 intellectus
769 2807 928 2893 componit
965 2822 995 2872 et
1033 2805 1148 2881 diuidit,

231 2910 260 2960 et
283 2909 443 2982 comparat
464 2894 672 2982 supremaad
696 2894 811 2973 infima,
834 2909 864 2960 et
901 2897 1061 2980 cognoscit
1085 2894 1148 2962 uni·

231 2985 358 3050 versalia
383 2997 413 3050 et
436 2983 589 3070 simplices
626 2983 752 3062 formas,
786 3003 866 3069 quae
904 2987 935 3049 iu
968 2985 1147 3073 corporibus

231 3094 293 3140 non
317 3074 525 3150 inueniuntur3
548 3085 578 3138 ot
600 3073 645 3140 sio
665 3071 862 3140 matrilestum
884 3085 931 3138 est
953 3074 1038 3160 quod
1061 3071 1146 3138 intel·

231 3161 327 3228 lectus
351 3183 412 3228 noo
436 3177 482 3230 est
505 3163 582 3228 sieut
606 3163 756 3248 recipiens
780 3175 897 3228 tautum
920 3162 1146 3248 imaginescor·

230 3271 351 3335 porum,
373 3251 427 3318 sed
451 3250 544 3318 habet
566 3250 701 3337 aliquam
731 3251 873 3322 uirtutem
903 3252 1084 3339 corporibus
1106 3247 1145 3316 al-

278 3393 316 3459 (Ι)
330 3393 356 3445 S.
374 3392 450 3460 Aug„
468 3392 499 3443 dc
521 3389 595 3443 civit.
616 3387 678 3453 Det,
698 3389 714 3441 l.
735 3387 761 3453 l,
779 3406 801 3443 c.
820 3387 864 3442 ll.

280 3462 319 3525 (ἢ)
337 3461 377 3514 Dc
397 3463 509 3523 Coram„
529 3477 609 3531 pros„
629 3459 647 3512 4
665 3466 691 3512 et
710 3467 785 3513 metu.
804 3459 830 3513 l.

280 3532 317 3599 (ὅ)
336 3532 423 3586 Indo...
442 3534 545 3601 proma,
563 3533 580 3584 i.
601 3546 625 3584 e.
644 3546 676 3582 ex
694 3530 761 3584 hoc..
787 3531 886 3599 quod...
