2516 3968
410 271 466 317 nro.
490 271 531 316 ιιι.
555 269 618 317 cnr.
642 271 745 320 canuc.
984 251 1050 319 415

191 338 386 408 Manifestum
422 355 468 406 est
502 353 607 406 antem
643 339 727 428 qnod
762 337 943 406 mendicitas
978 362 1052 410 cum

125 432 259 520 qnadam
283 429 523 515 abjectioneliu
557 430 635 498 sicut
670 431 753 496 enirn
788 428 849 514 pati
884 429 1051 515 ignobilius

126 535 176 589 est
198 539 419 607 quamsagsre,
435 519 476 584 ita
493 519 635 604 accipere
658 539 751 604 quam
770 517 856 597 darc,
879 531 909 588 et
933 521 997 604 regi
1015 533 1052 622 ⁶et
1152 563 1158 586 ι

127 610 256 676 obedire
293 628 385 694 qnam
423 607 597 694 gnbernare
632 619 662 672 et
697 608 861 692 imperare,
899 627 1052 693 quamvls,

126 711 252 786 propter
286 695 402 782 aliquid
446 696 625 782 adjunctum
660 711 762 782 posset
806 697 1052 784 recompensatio

126 787 204 854 fieri.
228 787 269 852 iia
293 805 366 851 vero
390 805 469 873 quse
491 784 672 870 abjectionis
685 799 879 871 suntsponte
891 805 1052 852 assumere

127 877 167 942 sd
191 875 394 942 humilitatem
420 877 564 960 pertinet,
589 895 663 960 'non
699 872 825 960 quidem
862 875 1052 962 simpliciter,
1133 907 1137 917 ·

125 965 181 1032 scd
204 963 376 1030 secundum
406 963 489 1049 qnod
527 965 734 1028 necessarium
771 977 827 1040 esu
861 982 932 1030 cum
966 964 1051 1032 enim

126 1053 283 1120 humilitas
306 1055 345 1118 sit
367 1052 473 1130 virtus,
496 1052 575 1116 nibil
598 1051 763 1119 indiscrete
787 1065 943 1139 operatur.
978 1052 1048 1118 Non

124 1157 172 1210 cst
195 1143 288 1228 igitur
309 1141 500 1215 humilitatis,
523 1140 577 1206 sed
600 1141 756 1218 stultitiae,
779 1143 803 1205 si
842 1140 911 1226 quis
948 1142 1048 1228 quod-

125 1253 260 1318 cumque
283 1229 438 1316 abjectum
462 1230 671 1316 assumpserit,
693 1229 748 1296 sed
770 1231 794 1296 si
819 1229 850 1294 id
885 1231 969 1316 quod
992 1251 1048 1298 ue-

125 1321 293 1388 cesscrinm
317 1333 363 1385 est
387 1319 452 1384 ficri
476 1333 601 1406 propter
624 1319 768 1384 uirtutem
797 1318 906 1404 aliquis
923 1333 1060 1408 propter¹

125 1409 333 1496 abjectionem
356 1429 419 1474 non
443 1423 575 1485 recusam
611 1423 683 1492 puta
721 1407 746 1472 si
780 1407 912 1474 charitas
946 1409 1047 1496 exigat

125 1499 210 1586 quod
233 1497 380 1587 proximis
403 1497 528 1582 aliquod
565 1497 720 1581 abjectum
758 1495 893 1564 officinm
928 1497 1048 1586 impen-

125 1589 227 1664 datur,
250 1589 310 1654 hoc
332 1599 457 1673 propter
480 1585 685 1651 humilitatem
709 1584 818 1670 aliquis
840 1601 1046 1654 nonrecuset

125 1676 157 1743 Si
180 1677 273 1763 igitur
295 1675 501 1740 necessarium
530 1687 587 1751 est,
606 1673 645 1741 ad
664 1672 883 1761 perfectionem
902 1677 1048 1762 pauperis

125 1767 205 1832 vitae
228 1763 416 1843 sectandam,
439 1763 523 1850 quod
546 1763 655 1850 aliquis
686 1763 851 1841 mendicet,
891 1763 971 1834 hanc
994 1766 1046 1833 ab·

122 1855 292 1942 jectionem
312 1852 393 1918 serre
416 1852 596 1920 humilitatis
631 1865 686 1918 cst.
726 1851 920 1938 Quandoque
938 1855 1047 1922 ,etiam

126 1943 245 2030 abjecta
267 1961 425 2010 assumere
449 1943 567 2008 virtutis
593 1953 648 2019 est,
671 1941 727 2006 etsi
751 1957 897 2008 nostrum
919 1942 981 2010 hoc
1002 1943 1047 2010 ol·

126 2032 232 2100 licium
255 2052 319 2098 non
342 2031 477 2117 requirat
501 2045 533 2098 ut
556 2031 632 2096 alios
654 2044 760 2096 nostro
797 2030 940 2118 exemplo
976 2053 1048 2120 pros

126 2141 283 2200 vocemus,
306 2121 418 2206 quibus
440 2119 590 2184 incumbit
613 2132 646 2183 ιιι
669 2119 699 2184 id
716 2117 833 2184 lucilius
850 2118 1046 2200 lerant3nam

124 2225 157 2278 et
179 2210 241 2277 dux
265 2209 419 2275 interdum
444 2209 547 2273 militis
577 2205 678 2272 officio
716 2206 865 2292 iungitur,
901 2222 934 2276 ul
969 2210 1047 2278 alios

126 2312 281 2387 provocet.
304 2296 499 2382 Quandoque
519 2297 613 2360 etiarn
637 2295 763 2381 abjectis
786 2298 902 2364 utimur
915 2318 971 2386 per
985 2299 1048 2364 vir·

127 2401 225 2454 tutem
248 2399 281 2452 ut
304 2385 456 2452 medicina
480 2385 625 2472 quadem,
639 2398 721 2470 puta,
738 2385 762 2452 si
779 2385 908 2474 alicujus
924 2391 1045 2458 animus

126 2477 167 2544 ad
189 2474 427 2542 immoderatam
450 2475 661 2544 excellentiam
688 2475 735 2544 sit
769 2495 895 2560 pronus,
933 2477 1047 2544 utiliter
1153 2489 1155 2494 ’

124 2565 229 2633 debita
250 2564 463 2633 moderatione
485 2573 604 2632 seruata
628 2559 753 2647 objectis
766 2565 920 2634 utitnrvel
934 2579 1045 2654 sponte

126 2655 175 2722 vel
198 2655 237 2720 ab
260 2654 327 2720 aliis
349 2653 510 2740 impositis,
532 2653 571 2718 ad
595 2651 759 2718 clationem
783 2654 877 2720 animi
894 2689 895 2694 ι
911 2657 1046 2742 compri-

127 2744 287 2822 mendam,
308 2741 384 2808 dum
409 2761 463 2828 per
486 2741 563 2808 haec
586 2759 666 2827 qnae
689 2741 766 2825 gerit
789 2742 847 2808 sibi
875 2743 931 2829 ipsi
970 2765 1046 2831 quo·

127 2831 298 2900 dammodo
320 2828 458 2919 purilio-at
479 2831 572 2896 etiarn
595 2829 719 2896 infimos
742 2828 884 2898 homines
899 2832 951 2918 qui
964 2835 1047 2901 circa

126 2923 198 2990 vilia
221 2919 319 2988 officia
342 2931 542 3005 occupantur.
599 2951 605 2961 ·
686 2962 688 2970 ι

194 3010 245 3077 Fet
266 3021 371 3076 autem
395 3008 523 3074 omnino
546 3006 762 3076 irrationabilis
795 3027 885 3074 error
918 3009 1046 3091 illorum

125 3099 179 3189 qui
203 3111 310 3188 putant
333 3117 457 3162 ornnem
495 3096 554 3163 sibi
590 3095 831 3165 sollicitudinem
864 3117 881 3162 a
910 3098 1047 3166 Domino

124 3189 319 3256 interdictam
343 3185 382 3252 de
405 3187 487 3252 uictu
510 3185 700 3272 quaerendo.
729 3183 837 3254 Omnis
862 3191 946 3254 enim
962 3201 1047 3258 actus

125 3277 364 3344 sollicitudinem
388 3274 526 3360 requirit;
547 3275 573 3339 si
597 3273 690 3358 igitur
713 3273 809 3340 homo
832 3274 950 3344 nullam
983 3276 1048 3362 sol·

125 3365 317 3434 licitndincm
349 3363 498 3430 derebus
533 3363 754 3450 temporalibus
792 3363 908 3434 habere
941 3365 1048 3447 debet,

122 3455 269 3544 *sequitur
290 3453 375 3541 quod
397 3452 474 3530 nibil
498 3451 668 3539 temporale
690 3471 782 3538 agere
802 3453 926 3538 debeat,
962 3453 1048 3544 quod

128 3565 231 3635 neque
265 3542 410 3636 possibile
447 3561 550 3634 neque
580 3541 775 3612 rationabile»
796 3556 841 3614 est
879 3544 1046 3616 obseruari.
