2452 3970
381 262 437 306 ora.
462 259 502 306 ru.
526 260 589 306 etr.
613 257 671 302 ont.
933 239 992 306 tot

79 327 183 414 (quod
208 329 373 417 requiritur
403 329 442 396 ad
476 331 536 396 boe
571 327 655 417 quod
690 326 792 394 divina
826 329 994 396 substantia

78 419 213 484 videatur
224 417 248 504 )‚
272 439 398 484 rrecesse
411 419 550 506 estquod
567 417 739 484 intellectus
755 431 877 484 creatos
892 419 993 505 aliqua

78 507 271 594 dispositione
294 508 467 574 sublimiori
490 507 529 572 ad
553 508 613 574 hoc
635 506 780 572 elevetur.

137 596 287 683 Amplius
312 597 343 661 Si
367 597 469 682 aliqua
493 597 555 662 duo
580 596 665 683 ptius
687 593 800 660 luerint
823 615 885 660 uon
910 597 994 660 unita

76 697 103 748 ct
127 685 326 770 postmodum
350 686 507 764 uniantur,
531 698 651 774 oportet
674 683 758 770 quod
783 684 843 748 hoc
865 683 917 748 liat
941 705 996 770 per

74 775 275 840 mutationem
314 775 474 860 utriusque
498 775 545 840 rel
579 773 705 840 alterius
744 786 873 838 tantum.
897 774 996 838 -Si

74 875 174 928 autem
200 877 332 950 ponatur
355 865 437 950 quod
474 864 646 931 intellectus
670 862 779 950 aliquis
813 874 933 928 creatos
957 863 996 927 de

74 972 152 1016 novo
176 953 301 1039 incipiet
332 953 391 1018 Dei
426 953 627 1020 substantiam
653 951 766 1030 videre,
783 964 913 1037 oportet,
947 973 997 1016 se·

74 1040 211 1106 cundum
234 1043 412 1128 praemissa,
448 1041 531 1128 quod
555 1041 656 1106 divina
679 1041 811 1106 essentia
834 1041 996 1127 copuletur

75 1130 100 1192 ei
124 1130 163 1194 de
188 1151 270 1196 novo
295 1145 327 1196 nt
352 1131 551 1215 intelligibilis
581 1129 709 1217 species.
735 1129 927 1215 lmpossibile
950 1145 996 1194 est

76 1231 176 1283 autem
201 1219 284 1304 quod
308 1220 409 1284 diviua
440 1221 572 1286 essentia
609 1230 779 1297 moveatur,
802 1219 880 1284 siout
902 1240 996 1305 supra

76 1319 234 1374 ostensum
257 1323 303 1373 est
336 1309 381 1393 (l.
408 1309 437 1387 l,
460 1329 485 1374 c.
512 1310 585 1387 15).
620 1305 749 1392 Oportet
786 1307 878 1390 igitur
912 1308 996 1393 quod

77 1395 141 1460 talis
165 1397 241 1462 unio
274 1397 399 1484 incipiat
430 1417 497 1464 esse
521 1397 800 1483 permutationem
826 1395 1002 1462 intellectus,

76 1487 179 1561 croati3
203 1507 283 1572 quae
306 1486 430 1572 quidem
456 1487 584 1550 mutatio
609 1485 696 1550 aliter
719 1505 786 1550 esse
810 1505 872 1548 oon
897 1499 997 1571 potest

76 1573 131 1638 nisi
155 1595 212 1661 per
235 1575 293 1640 boo
316 1575 399 1660 quod
433 1575 604 1640 intellectus
638 1587 757 1638 creatus
792 1571 926 1658 aliquam
950 1574 997 1638 di·

77 1664 277 1746 spositionem
302 1663 340 1728 de
365 1685 446 1728 novo
477 1660 690 1750 acquirat-
716 1662 799 1726 ldem
823 1677 926 1728 autem
950 1684 996 1727 sc-

77 1751 189 1832 quitur,
214 1753 238 1817 si
262 1753 352 1818 detur
383 1752 465 1838 quod
490 1773 506 1816 a
531 1750 680 1840 principio
714 1771 789 1816 suae
824 1753 998 1830 creationis,

78 1839 127 1903 tali
151 1842 270 1907 risione
293 1841 401 1928 aliquis
425 1841 596 1906 intellectus
619 1853 738 1906 oreatus
754 1840 897 1926 potiatur.
909 1841 999 1918 Nam,

78 1926 102 1989 si
132 1930 201 1996 talis
241 1929 315 1996 sisio
354 1930 529 1996 facultatem
560 1941 688 1994 naturae
722 1943 842 1994 creatae
869 1931 999 2009 excedit,
1072 1985 1075 1993 .

80 2029 109 2078 ut
132 2020 296 2102 probatum
320 2032 367 2084 est
402 2025 452 2104 (c.
478 2017 557 2103 52),
592 2031 691 2104 potest
725 2018 853 2102 intelligi
891 2020 1000 2105 aliquis

81 2104 251 2174 intellectus
274 2121 394 2174 creatus
418 2109 448 2172 in
472 2107 574 2194 specie
598 2127 672 2171 suae
689 2120 816 2172 naturae
834 2111 1001 2174 consistere

80 2192 194 2281 absque
219 2195 278 2260 boc
309 2197 392 2282 quod
429 2196 486 2262 Dei
520 2196 722 2260 substantiam
759 2195 870 2274 videat;
910 2196 1003 2272 unde,

79 2281 140 2346 sive
164 2306 181 2350 a
206 2285 358 2371 principio
382 2285 446 2350 sive
475 2283 672 2370 postmodum
704 2285 805 2350 Deum
831 2283 934 2350 videre
958 2287 1002 2349 in-

82 2370 180 2456 cipiat,
207 2388 326 2458 oportet
349 2373 418 2459 ejus
438 2388 567 2439 naturae
592 2372 706 2458 aliquid
723 2373 917 2458 superaddi..

143 2461 231 2540 ltem,
254 2462 334 2528 Nihil
359 2475 457 2549 potest
479 2463 517 2526 ad
541 2461 680 2526 altiorem
706 2463 917 2546 operationem
941 2463 1002 2527 ele·

80 2549 140 2614 tari
161 2551 221 2616 nisi
245 2571 300 2638 per
322 2553 381 2617 boc
403 2553 487 2637 quod
510 2549 576 2634 ejus
600 2551 694 2616 virtus
716 2549 905 2616 fortificatur.
922 2549 1003 2616 Con-

78 2635 162 2722 tingit
184 2653 290 2706 autem
313 2640 474 2727 dupliciter
497 2639 625 2724 alicujus
656 2640 798 2704 virtutem
835 2638 1004 2706 fortificari:

79 2721 142 2790 Uno
165 2729 270 2804 modo,
283 2747 338 2814 per
358 2730 528 2816 simplicem
545 2729 639 2814 ipsius
652 2728 770 2792 virtutis
786 2729 1002 2806 intensionem,

77 2814 151 2886 sicut
174 2821 269 2884 virtus
294 2818 388 2883 activa
411 2818 499 2882 calidi
536 2831 665 2901 augetur
703 2837 758 2900 per
796 2819 1002 2882 intensionem

78 2901 194 2984 caloris,
219 2919 252 2972 ut
275 2907 368 2994 possit
391 2905 515 2971 ellicere
544 2905 808 2970 vehementiorem
848 2906 1002 2972 actionem

77 2987 106 3054 in
128 2995 237 3060 eadem
261 2998 373 3082 specim
397 2995 456 3060 alio
480 2993 583 3074 modo,
609 3013 663 3079 per
685 3013 785 3057 novae
809 2991 927 3058 lormac
951 3016 1004 3080 ap·

78 3083 267 3161 positionem,
290 3087 366 3150 sicut
390 3083 534 3169 diophani
570 3082 665 3146 vii-sos
704 3095 835 3164 augetur
869 3081 908 3146 ad
944 3084 1003 3148 lroa
1049 3118 1052 3121 ,

79 3179 110 3228 ut
131 3173 224 3254 possit
247 3173 435 3248 illuminare,
457 3192 511 3258 per
535 3172 594 3236 boc
617 3169 700 3256 quod
725 3169 756 3234 tit
781 3170 916 3236 lucidum
934 3185 1002 3238 actu

79 3259 282 3334 performari
305 3262 382 3328 lueis
405 3259 623 3346 receptamin
663 3259 729 3344 ipso
765 3260 803 3324 de
843 3280 933 3339 povo;
972 3276 1002 3326 et

81 3339 135 3408 boc
156 3350 280 3434 quidem
304 3351 420 3416 virtutis
443 3361 644 3435 augmentum
679 3348 845 3433 requiritur
883 3349 922 3414 ad
960 3351 1004 3416 al·

80 3435 168 3501 terius
202 3440 313 3525 speciei
353 3441 566 3525 operationem
602 3436 862 3522 consequendam.
902 3439 1003 3504 Virtus

80 3534 175 3591 autem
199 3527 369 3594 intellectus
399 3529 492 3594 creati
528 3525 672 3594 naturalis
711 3546 774 3592 non
812 3525 925 3593 suflicit
963 3529 1002 3596 ad
