2452 3970
215 235 279 300 fol
541 256 596 299 tta.
621 256 660 298 ur.
686 255 754 299 ete.
778 255 824 298 rt.

210 325 290 390 dicta
314 324 449 409 cognitio
473 343 554 410 quae
577 324 616 388 de
640 323 707 387 Deo
745 343 799 410 ptr
837 321 1136 402 demonstrationem

210 413 318 478 haberi
341 426 452 500 potest,
468 433 550 498 quta
567 433 603 478 ea
629 412 743 490 habita,
767 411 869 477 adhuc
908 397 1003 478 multa
1042 415 1136 498 igno·

209 523 322 568 ramus
346 503 413 568 Non
438 515 484 566 est
506 503 599 586 igitur
624 501 690 567 talis
713 502 847 585 cognitio
883 501 941 566 Dei
976 499 1134 569 sufficiens

210 591 623 658 aMMmffimm

543 767 798 834 CAPUTXL.

211 945 300 1028 Quod
322 948 455 1032 [elicitos
477 948 615 1012 humano
638 967 700 1010 aon
731 947 869 1010 consistit
890 947 921 1010 in
960 946 1135 1032 cognitione

456 1037 516 1109 tto·
538 1057 615 1124 quoe
639 1047 683 1100 eat
704 1055 761 1118 per
777 1036 879 1122 fidem.

121 1288 126 1300 ,
274 1215 326 1280 list
347 1227 452 1280 autem
476 1230 506 1280 et
529 1211 589 1280 alia
613 1213 670 1278 Dei
694 1214 829 1298 cognitio
858 1224 1009 1297 quantum
1033 1212 1114 1278 ada
1094 1235 1132 1278 a·

207 1304 304 1390 liquid
329 1305 471 1390 superior
508 1304 685 1390 cognitione
724 1303 889 1404 praedicta,
925 1321 985 1386 qua
1014 1302 1135 1373 scilicet

207 1394 291 1459 Deus
305 1393 344 1458 ab
360 1395 503 1459 omnibus
515 1415 570 1480 per
582 1393 674 1457 fidem
689 1393 895 1477 cogitoscitur3
911 1410 991 1476 quae
1003 1391 1134 1477 quidem

208 1483 414 1566 quantumatl
438 1483 498 1548 hoc
533 1483 740 1566 cognitionem
775 1501 854 1566 quae
894 1479 933 1544 de
971 1479 1038 1544 Deo
1073 1501 1133 1566 per

209 1571 504 1638 demonstrationem
528 1572 668 1648 habetur,
692 1570 819 1646 excedit,
832 1569 902 1655 quia
919 1569 1071 1654 quaedam
1087 1569 1131 1633 de

208 1660 276 1725 Deo
300 1661 471 1747 perfidem
499 1662 714 1744 cognoscimus
737 1658 887 1743 adquae,
922 1671 1046 1744 propter
1080 1659 1130 1722 sui

210 1750 422 1826 eminentiam,
436 1751 513 1814 ratio
537 1749 750 1813 demonstrans
764 1748 923 1834 pervenire
936 1767 997 1810 uon
1018 1760 1131 1833 potest,

210 1840 288 1904 sicut
311 1840 342 1904 in
367 1839 515 1924 principio
539 1837 631 1922 hrtjus
655 1838 756 1923 operis
791 1836 976 1900 dictumest
1013 1835 1058 1920 (l.
1076 1881 1080 1891 .
1099 1837 1132 1912 l,

209 1949 236 1992 c.
262 1928 304 1992 fl
319 1929 343 2013 ).
367 1927 434 1992 Non
458 1941 504 1992 est
527 1941 630 1991 autem
655 1927 798 2010 possibile
822 1945 923 2010 neque
946 1925 976 1988 iu
1002 1924 1058 1988 hac
1070 1924 1131 1990 Dei

209 2017 384 2101 cognitione
409 2016 548 2080 ultimam
573 2017 707 2080 hominis
741 2014 915 2080 felicitatem
932 2017 1130 2079 consistere.

275 2105 413 2170 Felicitas
437 2107 520 2170 euim
544 2119 589 2169 est
619 2104 754 2192 perfecta
793 2104 920 2168 humani
955 2103 1131 2168 intellectus

207 2195 355 2296 operatio,
378 2195 455 2259 sicut
478 2215 515 2259 cx
538 2193 626 2259 dictis
651 2206 741 2279 patet.
767 2193 800 2256 ln
823 2192 998 2275 cognitione
1022 2204 1129 2257 autem

205 2283 307 2348 fidei
300 2285 454 2348 mtenitur
477 2284 615 2369 operatio
651 2282 824 2346 intellectus
858 2279 1128 2366 imperfectissima

204 2385 352 2457 quantum
377 2373 416 2436 ad
440 2371 470 2436 id
487 2371 570 2457 quod
593 2386 638 2436 est
661 2391 698 2434 ex
722 2385 808 2456 parte
823 2369 1004 2447 intellectus,
1015 2389 1127 2454 quam

130 2519 134 2526 .
204 2461 250 2524 vis
277 2462 409 2525 maxima
435 2461 580 2548 perfectio
604 2461 777 2524 inveniatur
809 2479 846 2524 ex
881 2471 967 2543 parte
1000 2457 1128 2558 objecti3

205 2570 266 2614 non
291 2550 374 2614 enim
398 2551 570 2615 intellectus
593 2551 674 2634 capit
706 2548 780 2612 illud
815 2548 863 2612 cui
898 2548 1023 2612 assentit
1058 2566 1129 2611 cre-

206 2638 319 2704 dendo.
344 2639 411 2704 Non
428 2653 473 2704 est
497 2639 589 2720 igitur
613 2657 713 2723 neque
737 2637 768 2701 in
785 2639 842 2702 hac
864 2636 922 2700 Dei
950 2635 1129 2720 cognitione

207 2727 313 2792 ultima
337 2728 471 2792 hominis
487 2727 623 2790 felicitas.

271 2817 358 2893 Item,
382 2815 546 2880 Ostensutn
566 2827 614 2879 est
637 2835 728 2899 supra
745 2816 796 2902 (c.
821 2813 864 2880 Ἡ
891 2827 920 2878 et
945 2814 1014 2898 25)
1042 2814 1128 2898 quod

208 2905 314 2971 ultima
339 2905 467 2969 felicitas
492 2924 553 2967 uon
589 2905 725 2968 consistit
761 2904 967 2990 principaliter
1001 2904 1031 2966 in
1056 2915 1129 2968 actu

206 2995 382 3072 voluntatis.
408 2992 440 3056 ln
465 2993 640 3076 cognitione
664 3008 767 3058 autem
784 2993 854 3058 frtlei
872 2993 1129 3079 principalitatem

205 3085 298 3148 habet
320 3081 472 3158 voluntas3
495 3082 666 3146 intellectus
689 3084 771 3146 euim
795 3082 920 3146 assentit
943 3103 998 3167 per
1033 3079 1128 3144 fidem

204 3174 354 3256 hisquae
378 3170 434 3234 sibi
460 3186 685 3271 proponuntur,
708 3173 778 3257 quia
814 3171 888 3249 vult,
922 3191 985 3235 non
1020 3183 1128 3234 autem

203 3283 239 3326 er
265 3261 339 3346 ipsa
353 3260 487 3324 raritatis
511 3259 662 3326 evidentia
688 3261 860 3324 necessario
899 3272 1021 3324 tractus.
1056 3257 1127 3323 Nun

202 3365 248 3416 est
271 3350 363 3432 igitur
386 3350 417 3412 in
442 3349 499 3413 hac
521 3349 697 3431 cognitione
722 3350 827 3414 ultima
841 3341 1127 3412 hominisfelicitas.

268 3437 384 3513 Adhuc,
408 3437 467 3519 Qui
492 3440 589 3502 credit
613 3459 772 3504 assensum
797 3438 924 3524 praebet
959 3438 1006 3502 his
1043 3455 1128 3521 quae

205 3527 262 3592 sibi
288 3527 325 3593 ab
343 3527 403 3592 alio
426 3540 651 3613 proponuntur,
674 3546 752 3614 quae
766 3528 829 3613 ipse
844 3545 909 3592 non
925 3527 1018 3604 tidet3
1041 3525 1130 3609 unde
