2462 3968
385 247 440 294 utu.
464 244 505 290 ιιι.
529 244 591 292 ιιι.
615 245 722 293 ιιιιιιιι.
938 231 1003 300 lla

86 327 254 383 morentur
277 316 336 382 nisi
359 336 420 382 una
444 315 560 402 speeies
584 329 697 394 motus,
715 316 829 384 scilicet
863 321 1006 389 mutulo·

85 406 158 484 eali,
182 406 240 472 alia
265 426 337 470 vero
361 425 493 492 corpora
512 419 676 469 moventur
692 407 834 474 omnibus
846 401 1006 494 speciebus

85 509 201 562 motus.
225 494 361 580 Corpora
392 494 484 577 igitur
511 494 653 560 caelestia
677 508 748 560 sunt
770 497 882 562 motiva
905 515 935 564 et
957 521 1006 566 re·

86 585 180 668 gitiva
203 584 341 650 omnium
366 582 544 648 inferiorum
569 599 743 667 corporum.

154 672 301 758 Amplius,
325 672 463 738 Primum
487 671 519 734 in
545 671 687 758 quelibet
710 692 823 756 genere
846 686 892 739 est
913 693 1006 744 causa

84 781 196 826 eorum
219 781 298 847 quae
321 775 394 827 suut
416 773 492 846 post.
530 758 612 824 lnter
647 782 756 826 omues
790 775 893 828 antem
931 764 1006 832 alios

85 863 201 927 motus,
225 851 342 936 primus
365 863 411 914 est
433 862 535 914 motus
563 849 650 914 caeli:

153 939 257 1004 Primo
272 939 409 1024 quidem,
431 939 502 1023 quia
532 950 634 1002 motus
672 938 775 1004 localis
808 952 855 1005 est
888 941 1005 1026 primus

85 1026 168 1092 inter
190 1047 298 1092 omnes
322 1042 435 1106 motus,
455 1040 541 1090 -et
565 1040 713 1112 ternpore,
743 1029 813 1114 quia
843 1029 926 1095 solus
949 1053 1006 1118 po·

87 1129 148 1183 test
170 1136 238 1182 esse
262 1130 443 1202 perpetuus,
463 1129 496 1182 ut
517 1117 666 1200 probatur
689 1118 718 1180 in
757 1132 865 1183 octavo
899 1118 1005 1206 Physi-

85 1227 196 1271 corum
220 1209 316 1292 (text.
339 1225 452 1270 comm.
476 1205 520 1270 54
542 1219 572 1269 et
594 1225 658 1290 seq.
675 1209 698 1294 );
714 1242 758 1252 -
773 1220 803 1271 et
816 1209 1005 1289 naturaliter,

86 1295 159 1382 quia
182 1294 248 1360 sine
272 1295 338 1381 ipso
361 1314 424 1360 non
448 1308 547 1380 potest
561 1313 629 1357 esse
653 1295 761 1379 aliquis
784 1295 914 1361 aliorum
938 1319 1006 1364 mo·

87 1398 187 1448 turum:
211 1383 380 1448 nonenim
404 1394 619 1466 augmentatur
642 1382 751 1466 aliquis
789 1385 847 1450 nisi
871 1389 1008 1473 praeexi-

86 1486 188 1538 stente
211 1472 401 1549 alteratione,
425 1491 480 1557 per
495 1491 588 1558 quam
612 1470 696 1554 quotl
720 1471 809 1556 prius
833 1489 898 1540 erat
920 1474 1008 1542 dissi-

86 1561 162 1626 mile
184 1575 379 1626 convertatur
401 1573 431 1630 et
456 1559 507 1625 liat
530 1558 640 1634 simile
661 1579 767 1644 neque
790 1560 929 1628 alteratio
953 1586 1006 1652 po·

86 1663 146 1716 test
170 1671 237 1716 esse
260 1651 317 1716 nisi
341 1648 564 1737 praeexistente
589 1648 647 1712 loci
673 1649 852 1729 mutatione,
875 1654 946 1738 quia
969 1654 1008 1719 ed

85 1739 147 1806 lroc
170 1739 253 1826 quod
277 1739 329 1805 lrat
351 1738 488 1804 alteratio
526 1749 650 1822 oportet
684 1737 766 1822 quod
802 1739 934 1808 alterans
966 1743 1006 1808 ait

84 1830 186 1914 magis
210 1831 414 1915 propinquum
438 1825 565 1890 alterato
605 1846 686 1890 nunc
724 1846 816 1910 quam
853 1832 1006 1914 prius:-

84 1931 133 1982 est
155 1918 246 1982 etiarn
270 1917 454 2003 perl'ectioue
477 1915 570 2000 prior,
593 1913 663 1999 quie
688 1931 789 1980 motus
812 1916 916 1984 localis
940 1941 1002 1986 non

85 2007 183 2071 uariat
205 2027 271 2070 reru
293 2004 462 2070 secundum
486 2003 600 2089 aliquid
625 2004 653 2066 ei
677 2003 853 2082 inhaerens,
876 2008 931 2073 sed
955 2030 1003 2075 so·

84 2094 152 2160 lum
175 2094 343 2160 secundum
368 2091 482 2178 aliquid
505 2092 722 2171 extrinsecum,
744 2101 774 2158 ct
796 2110 920 2182 propter·
943 2098 1003 2165 hoc

85 2184 193 2249 estrei
213 2183 277 2268 jam
302 2180 462 2269 perlectae.

153 2272 305 2349 Secundo,
342 2271 412 2357 quia
447 2269 539 2334 etiem
579 2269 657 2333 inter
691 2282 794 2336 motus
828 2271 939 2338 locales
973 2288 1004 2340 et

85 2375 190 2426 mutus
212 2361 367 2425 circularis
391 2359 585 2444 prior,-et
623 2373 772 2443 tempore,
809 2363 881 2446 quia
919 2362 1004 2429 solus

84 2449 152 2535 ipse
176 2462 362 2536 potestesse
386 2461 562 2534 perpetuus,
590 2459 622 2512 ut
644 2448 791 2532 probatur
828 2450 859 2514 in
897 2463 1003 2518 octavo

84 2538 288 2625 Physicorum
312 2537 409 2624 (text.
446 2556 559 2602 comm.
599 2533 778 2616 (ιιι-ιι
814 2540 1004 2622 naturaliter,

83 2629 158 2713 quia
182 2641 227 2692 est
249 2627 346 2711 magis
368 2624 498 2710 simplet
521 2637 552 2688 et
575 2645 664 2699 unus,
687 2643 758 2690 cum
797 2647 858 2690 non
896 2629 1003 2708 distin·

83 2730 198 2800 guatur
219 2717 250 2781 in
274 2713 469 2802 principium,
492 2713 629 2778 medium
652 2727 683 2776 et
716 2713 822 2792 linem,
841 2715 896 2782 sed
919 2725 999 2783 totus

82 2805 124 2869 sit
146 2805 233 2891 quasi
255 2803 404 2870 medium:
419 2816 504 2866 -et
526 2803 619 2866 etiam
642 2799 839 2888 perfectione,
867 2805 939 2890 quia
953 2825 1001 2870 re·

82 2889 218 2959 flectitur
239 2892 277 2958 ad
301 2891 493 2982 principium.

153 2982 268 3060 Tertio,
290 2981 362 3067 quia
385 2979 467 3044 solus
492 2990 593 3042 motus
630 2977 707 3042 caeli
745 2977 897 3046 inuenitur
919 3003 1001 3049 sem·

83 3092 141 3158 per
165 3071 313 3156 regularis
336 3081 367 3134 et
391 3065 563 3144 uniformis,
584 3067 614 3130 iu
652 3067 784 3132 motibus
808 3071 890 3134 enim
915 3086 1003 3136 natu-

83 3159 201 3226 ralibus
217 3158 356 3245 gravium
379 3169 410 3220 et
432 3157 556 3234 leuium,
580 3154 613 3218 lit
636 3154 750 3219 additio
768 3157 942 3225 velocitatis.
960 3159 1001 3225 O-

84 3261 187 3335 portet
209 3268 283 3333 ergo
306 3245 389 3332 quod
413 3258 514 3310 motus
541 3243 617 3310 caeli
655 3263 746 3308 causa
784 3249 822 3311 sit
859 3251 999 3316 omnium

84 3339 218 3404 aliorum
242 3350 393 3402 motuum.

150 3426 268 3500 Adhuc,
292 3425 376 3490 Sicut
399 3443 433 3488 se
456 3421 551 3488 habet
574 3419 733 3486 immobile
762 3422 941 3510 simpliciter
964 3427 1003 3493 atl

84 3528 204 3582 motum
228 3513 417 3602 simpliciter,
440 3512 481 3580 ita
504 3531 537 3578 se
570 3511 664 3576 habet
702 3511 860 3580 immobile
894 3535 1004 3582 secun·
