2514 3972
224 199 297 270 'eat
454 221 578 268 cmm.
600 221 664 268 err.
693 219 779 268 cxxx.
802 219 839 266 nr
862 219 958 267 crxar.

229 291 357 371 siloes,
380 301 411 357 et
430 292 512 371 oeni,
534 311 658 376 sequere
678 311 738 369 me,
759 289 847 378 quasi
874 291 906 356 in
940 289 1147 377 consequen

231 381 323 446 ritem
345 378 541 468 perfectionis
563 381 762 446 constituens.
785 379 917 446 Possunt
955 379 1047 446 etiam
1087 379 1148 446 dici

227 468 423 556 perfectiouis
444 468 569 536 effectus
593 483 623 534 et
646 469 743 556 signa.
766 467 845 534 Cum
868 469 953 534 enim
981 487 1070 534 mens
1094 489 1148 534 ue·

227 559 390 625 hementer
411 577 518 624 amore
540 573 570 623 et
593 556 746 624 desiderio
769 555 898 643 alicujus
934 557 978 624 rei
1003 557 1147 633 eflicitur,

226 666 419 733 consequens
439 659 484 712 est
507 646 590 732 qnod
606 648 665 713 alia
689 660 861 734 postponat.
886 645 929 712 Ex
959 645 1018 714 hoc
1052 645 1147 731 igitur

226 735 311 822 quod
326 754 415 802 mens
439 735 572 805 hominis
595 756 702 802 amore
735 749 766 800 et
799 734 954 802 desiderio
990 732 1146 800 ferventer

224 826 258 890 in
281 824 384 892 divina
406 823 514 900 lertur,
536 824 568 890 in
590 845 653 910 quo
676 823 897 914 perfectionem
920 836 1062 891 constare
1077 843 1146 890 ma·

223 911 371 980 nilestum
395 927 451 994 est,
473 915 670 1000 consequitur
692 913 775 1000 quod
800 914 904 980 omnia
939 931 1018 998 quae
1041 911 1145 999 ipsum

189 1019 194 1035 ¹
225 1015 353 1089 possunt
375 1001 533 1070 retardare
558 1003 723 1089 quominus
746 1001 861 1068 feratur
883 1001 915 1068 iu
941 1000 1043 1068 Qum
1066 1001 1145 1086 abji-

224 1091 307 1172 ciat,
339 1110 403 1158 non
425 1091 527 1160 solum
548 1111 653 1156 rernm
687 1111 793 1158 eurum
817 1103 847 1155 et
869 1089 972 1156 uxoris
994 1102 1024 1156 et
1047 1090 1143 1176 prolis

224 1179 379 1259 affectum,
402 1180 456 1248 sed
479 1181 571 1246 etism
594 1180 748 1267 suiipsius3
771 1193 801 1244 et
818 1179 877 1246 hoo
901 1180 1024 1264 signent
1047 1177 1144 1245 verba

224 1267 410 1358 Scripturae;
434 1269 662 1336 diciturenim:
689 1268 723 1334 Si
746 1268 868 1334 dederit
894 1269 984 1334 lsomo
1019 1285 1145 1336 omnem

100 1429 105 1438 ,
223 1357 431 1428 substantiam
453 1358 562 1422 domne
584 1379 658 1422 enne
676 1379 737 1443 pro
758 1357 930 1435 dilectione,
952 1358 1044 1442 quusi
1065 1357 1148 1422 nilril

223 1447 372 1533 despiciet
400 1467 480 1526 enm,
502 1446 630 1526 (lentie,
650 1446 683 1526 8,
705 1448 737 1526 73
760 1459 799 1512 et:
825 1445 933 1512 Simile
955 1457 1145 1531 estrepnnm

223 1538 381 1604 caelorum
404 1536 521 1602 domini
542 1536 725 1620 nepotiotori
747 1536 907 1620 quaerendi
929 1533 1024 1600 bonos
1055 1555 1144 1600 mar·

221 1627 352 1710 purime.
392 1624 520 1690 Invento
553 1636 656 1689 erstem
691 1645 756 1690 etna
789 1625 929 1708 pretiosa
956 1625 1144 1707 mnrpun'tn,
1248 1651 1249 1678 r

222 1713 302 1780 adiit
322 1726 353 1780 et
373 1713 512 1780 uendidit
534 1714 742 1800 omninpnae
779 1711 898 1792 lubuit,
915 1723 946 1780 et
967 1713 1041 1778 emit
1063 1731 1144 1792 eom,

222 1803 339 1880 natm,
364 1803 416 1881 ts,
440 1801 551 1878 edin
575 1813 613 1884 et:
651 1801 738 1882 Quae
779 1802 856 1868 milri
892 1802 1019 1886 fuerunt
1056 1802 1145 1868 lucro
1248 1823 1249 1840 ¹

221 1892 296 1956 lsoee
317 1890 492 1958 arbitratus
509 1901 717 1974 cumpropter
742 1889 898 1958 Christum
913 1891 1142 1958 detrimento...
1248 1917 1249 1937 κ

217 1989 349 2064 propter
372 2000 461 2064 quem
485 1979 591 2044 omnia
615 1979 833 2044 detrimentum
859 1979 918 2064 feei
942 1990 973 2046 et
991 1977 1143 2046 'orditam

219 2077 414 2143 utstereorn,
430 2081 463 2134 nt
485 2067 642 2132 Christum
654 2067 858 2152 lucrifaciam,
873 2067 1017 2154 Philipp,
1029 2068 1063 2146 5,
1075 2065 1143 2136 7-8.

214 2189 217 2196 ⁴
286 2157 366 2240 Quia
389 2157 480 2243 igitur
503 2155 659 2240 praedicta
684 2157 740 2222 tria
765 2155 982 2242 dispositiones
1005 2155 1043 2222 ad
1070 2176 1142 2243 per-

218 2243 383 2314 teutonem
406 2258 478 2312 sunt
499 2258 530 2310 et
559 2244 685 2310 effectus
719 2259 749 2312 et
785 2245 883 2330 signs,
920 2245 1142 2312 conuenienter

218 2335 272 2420 qui
294 2334 449 2423 praedicta
473 2334 529 2399 tria
552 2333 619 2398 Dco
657 2345 768 2400 vovent
789 2332 821 2398 in
844 2346 924 2400 statu
944 2332 1142 2421 perfeetionis

218 2441 288 2490 ease
310 2423 463 2490 dicuntur.
486 2420 636 2488 Perfectio
661 2437 763 2488 autem
793 2421 949 2508 adquam
984 2421 1141 2509 praedicta

215 2509 386 2598 disponunt
419 2512 450 2576 in
472 2511 631 2578 vocatione
646 2513 760 2576 mentis
775 2511 855 2580 eirca
871 2511 972 2578 Deum
991 2512 1142 2588 consistit3
1247 2581 1248 2596 ἶ

217 2601 301 2666 unde
323 2615 354 2666 et
376 2597 603 2688 praedictorum
623 2599 811 2687 professores
824 2587 969 2686 Religiosi
985 2598 1142 2678 dicuntur,

214 2688 361 2774 quasise
384 2690 497 2756 Decet
519 2707 574 2754 sua
598 2689 628 2752 in
663 2688 791 2756 modum
814 2687 974 2773 cujusdam
997 2687 1141 2754 sacrificii

216 2777 393 2846 dedicantes
415 2789 446 2844 et
468 2790 617 2863 quantum
645 2776 684 2842 sd
707 2798 757 2844 res
781 2797 836 2864 per
859 2789 1083 2864 paupertatem,
1109 2791 1141 2843 et

217 2881 366 2952 quantum
401 2865 440 2932 ad
463 2885 575 2951 corpus
598 2883 653 2950 per
676 2864 908 2943 continentiam,
935 2878 965 2932 et
987 2879 1140 2951 querutum

215 2954 256 3020 ad
286 2955 474 3022 voluntatem
497 2974 552 3041 per
589 2952 807 3020 obedientiam.
831 2953 949 3040 Religio
974 2954 1067 3040 igitur
1089 2955 1139 3024 vin

214 3043 300 3112 cultu
322 3044 426 3110 diuino
448 3041 754 3131 consistit,.utsupra
770 3043 953 3110 dictumest.

227 3307 233 3320 .
499 3217 685 3286 CAPUT
723 3217 853 3286 CXXXI.

216 3342 363 3409 Rationes
396 3343 644 3430 improperantium
664 3340 875 3406 uoluntariam
901 3351 1135 3426 paupertatem

286 3482 422 3552 Fuerunt
444 3492 547 3548 autem
584 3478 676 3566 aliqui
715 3478 903 3568 paupertatis
940 3479 1135 3578 propositum
1246 3513 1247 3524 κ
