2462 3968
190 233 254 298 282
494 258 550 302 nra.
575 257 616 300 tn.
640 253 703 300 cto.
727 255 807 299 notu.

189 323 274 386 ribus
297 322 396 388 causis
420 323 509 410 (ea)
533 325 727 402 ordinentur3
751 337 781 388 et
807 322 853 386 ltis
889 321 1050 388 ridebatur
1069 321 1115 386 ia·
1203 306 1229 351 ι’

189 424 254 476 tum
279 429 346 476 esse
369 413 444 478 nihil
470 417 606 480 omnino.

254 499 388 582 Quidam
413 507 539 568 veroin
564 503 681 588 aliquas
704 521 740 565 ea
775 499 899 566 altiores
922 519 1030 564 causas
1067 519 1116 564 re-

188 587 301 652 ducere
324 604 395 654 sunt
418 593 529 671 conati,
554 591 727 677 exquibus
751 602 854 654 tamen
879 609 949 653 eunt
974 586 1113 672 quadam

187 676 387 763 dispositione
403 681 542 746 ordinata
567 679 743 766 procedant,
767 693 797 743 et
821 677 851 742 hi
876 677 972 742 iatum
1000 696 1114 762 posue·

186 779 258 830 runt
282 769 368 851 quasi
393 787 428 832 ea
452 790 532 855 quae
557 769 699 833 videntur
722 789 739 832 a
763 788 834 832 casu
851 767 1032 850 contingere
1051 766 1115 830 sint

187 854 225 919 ab
248 854 349 941 aliqua
373 877 465 922 causa
489 858 580 924 eilata
601 857 665 923 sire
697 855 873 944 praelocuta
897 869 927 920 et
950 855 1113 940 praeordi-

185 957 255 1008 nata
271 957 305 1007 ut
327 958 439 1010 essent.

224 1031 368 1098 ·Horum
390 1047 493 1100 autem
528 1035 654 1120 quidam
690 1034 793 1098 omnia
829 1051 908 1120 quae
943 1031 994 1097 hic
1029 1034 1112 1098 acci-

185 1119 262 1184 dunt
286 1142 303 1185 a
326 1142 399 1187 casu
425 1125 605 1210 contingere
629 1123 678 1210 (l)
714 1123 863 1187 reducere
900 1134 971 1186 sunt
1004 1124 1108 1187 conati

185 1209 263 1273 sieut
285 1210 317 1274 in
340 1232 448 1279 causas
465 1215 495 1278 in
519 1214 660 1278 caelestia
690 1231 831 1297 corpora,
866 1211 958 1274 etiam
982 1209 1109 1275 electio-

186 1318 240 1362 nes
272 1299 433 1381 humanes,
467 1302 700 1388 dispositionem
736 1301 885 1377 siderum,
923 1299 972 1363 eui
1004 1301 1111 1364 omnia

186 1405 257 1450 cum
281 1389 415 1473 quadam
441 1393 621 1456 necessitate
645 1389 736 1456 subdi
754 1389 910 1476 ponebant
935 1386 1032 1452 iatum
1055 1409 1111 1474 ap·

185 1475 334 1561 pellentes
357 1499 436 1564 quae
449 1481 574 1566 quidem
587 1481 686 1566 posito
700 1477 895 1562 impossibilis
911 1488 957 1541 est
968 1489 999 1542 et
1012 1497 1029 1540 a
1048 1476 1112 1542 fide

185 1563 284 1630 aliena
309 1578 341 1630 ut
364 1587 401 1632 ex
424 1570 634 1656 superioribus
658 1569 715 1653 (c.
739 1569 776 1632 7l
798 1580 828 1632 et
851 1564 945 1653 seq.)
963 1578 1062 1652 patet.

251 1654 383 1736 Quidam
398 1679 472 1722 vero
495 1659 525 1722 in
549 1657 782 1743 dispositionem
806 1656 927 1720 divinae
943 1655 1110 1740 providen-

185 1743 244 1807 tiae
267 1744 371 1808 omnia
395 1747 544 1811 reducere
567 1747 730 1812 voluerunt
755 1764 970 1830 quaecumque
994 1745 1024 1807 in
1060 1743 1110 1808 his

183 1830 378 1898 inferioribus
402 1855 474 1900 casu
498 1835 679 1920 contingere
708 1834 861 1912 videntum
884 1833 966 1898 unde
1001 1833 1109 1896 omnia

183 1917 245 1984 lato
262 1921 310 2004 agi
334 1921 488 2000 dixerunt,
512 1923 740 1989 ordinationem
770 1943 849 2008 quae
876 1935 922 1987 est
945 1921 975 1986 in
1015 1921 1110 1986 rebus

183 2009 334 2084 exdivina
359 2013 549 2098 providentia
573 2013 669 2078 iatum
694 2013 899 2078 nominantes.
925 2008 1011 2074 Unde
1026 2010 1110 2074 Boe·

183 2097 242 2164 tius
275 2098 454 2186 dicitquod
492 2101 592 2184 fotum
615 2114 662 2167 est
682 2102 846 2166 inbuerens
884 2097 978 2164 rebus
1010 2098 1110 2162 inobi-

184 2187 266 2254 libtts
294 2190 468 2272 dispositio,
488 2211 547 2274 per
569 2212 662 2275 quom
683 2189 881 2274 prouidentia
915 2189 980 2254 suis
1013 2208 1110 2272 quoe·

180 2297 237 2361 qne
260 2280 354 2342 nectit
376 2279 538 2344 ordinibus
562 2281 625 2365 (ι).
650 2281 682 2344 ln
706 2300 765 2365 qua
791 2278 861 2344 iacit
897 2277 1109 2362 descriptione

182 2369 343 2449 dispositio
368 2389 423 2452 pro
439 2367 633 2433 ordinatione
657 2372 789 2454 ponitur.
816 2365 1034 2431 Rebusautem
1060 2367 1109 2430 in·

181 2455 311 2520 becrens
334 2458 467 2542 ponitur,
492 2470 525 2520 ut
548 2457 752 2541 distinguatur
775 2456 870 2521 iatum
896 2475 912 2519 a
937 2454 1109 2541 providen-

182 2545 233 2620 tia;
257 2565 328 2609 nam
352 2545 416 2631 ipsa
441 2545 604 2623 ordinatio,
628 2546 799 2611 secundum
837 2545 920 2631 quod
945 2545 976 2608 in
1000 2555 1108 2608 mente

181 2633 283 2698 divina
306 2646 362 2709 est,
386 2635 523 2698 nondum
547 2635 639 2700 rebus
664 2635 825 2720 impressa,
844 2633 1041 2723 providentia
1059 2647 1107 2698 est

180 2722 352 2788 secundum
376 2743 448 2787 vero
472 2722 639 2809 quodiam
665 2741 711 2788 est
745 2724 894 2809 explicata
931 2723 962 2786 in
999 2721 1107 2800 rebus,

179 2811 275 2876 fatum
299 2811 486 2876 nominatur.
515 2811 680 2876 Mobilibus
711 2825 813 2876 autem
838 2811 922 2888 dicit,
947 2823 980 2874 ut
1002 2824 1105 2874 osten·

181 2899 232 2965 dat
255 2900 338 2985 quod
362 2899 439 2965 ordo
456 2899 667 2986 providentiae
692 2922 707 2964 a
732 2900 824 2966 rebus
860 2900 1105 2984 contingentiam

180 3003 210 3053 et
233 2989 434 3055 mobilitatem
459 3011 521 3056 non
545 2989 654 3066 aufert,
689 3001 722 3054 ut
755 2989 883 3075 quidam
922 3003 1104 3074 posuerunt.

178 3077 355 3142 Secundum
380 3079 459 3143 hanc
482 3099 556 3163 ergo
592 3079 814 3164 acceptionem,
852 3097 966 3162 negare
1004 3075 1103 3141 latum

178 3179 224 3231 est
248 3166 470 3252 providentiam
495 3168 630 3232 divinam
655 3187 780 3252 negare.

243 3255 305 3320 Sed
328 3257 399 3341 quia
422 3277 493 3322 curn
517 3256 694 3322 infidelibus
719 3275 776 3321 nec
799 3256 926 3322 nomina
951 3253 1105 3320 debemus

231 3393 272 3462 (l)
291 3391 362 3459 Quos
380 3395 421 3446 bic
439 3396 559 3447 accidunt
577 3412 595 3447 a
612 3409 674 3448 casu
695 3395 850 3464 continpere,
869 3395 886 3449 i.
905 3409 928 3449 e.
946 3395 1044 3465 quibus
1062 3395 1105 3450 hic

182 3464 276 3518 accidit
295 3479 309 3514 a
326 3479 388 3516 casu
405 3467 566 3532 contingere.

230 3533 267 3600 (2)
289 3533 327 3586 De
346 3535 448 3601 consol,
467 3551 536 3604 pros.
558 3535 584 3602 l,
604 3551 629 3605 p.
650 3533 710 3587 294.
780 3535 783 3542 '
