2462 3968
279 251 345 316 228
561 271 617 314 tte.
642 271 681 314 nr.
706 269 768 314 cnr.
792 267 908 313 trxrnt.

279 337 446 426 quamdam
469 340 698 427 proportionem
729 336 888 424 usquead
912 353 958 401 res
984 333 1103 400 ultimas
1118 351 1168 419 per·

278 429 389 492 veniat.
412 427 494 492 llaec
516 442 618 494 autem
642 429 799 514 proportio
811 439 866 504 est,
880 437 923 503 ut,
937 425 1017 490 sicut
1031 441 1169 510 supremae

278 531 437 582 creaturae
460 531 531 582 sunt
564 518 621 582 sub
652 517 720 581 Deo
743 531 773 580 et
807 516 1021 601 gubernamur
1055 511 1171 594 abipso,

277 607 319 672 ita
343 605 503 671 inferiores
540 620 697 670 creaturae
730 607 791 670 sint
828 603 886 669 sub
920 600 1124 688 superioribus
1150 611 1170 660 et

275 708 422 781 regantur
444 695 482 758 ab
505 695 587 781 ipsis.
612 695 928 759 luteromnesautern
952 699 1171 756 creaturassunt
1198 693 1199 750 l

275 803 440 870 supremae
476 783 708 862 intellectuales,
731 797 764 847 ut
796 803 833 848 er
866 779 1079 866 superioribus
1109 787 1170 861 patet

163 863 166 872 ’
275 874 327 958 (c.
352 873 394 936 49
408 873 430 957 ).
457 872 553 956 Exigit
576 874 668 958 igitur
691 873 812 936 divinae
834 869 1047 958 providentiae
1068 867 1171 930 ratiout
1198 909 1199 942 ,

277 973 415 1026 caeterae
438 976 596 1025 creaturae
612 983 667 1048 per
687 974 841 1026 creaturas
857 959 1024 1024 rationales
1040 965 1171 1038 regantur.
1198 1001 1199 1040 p

343 1049 491 1136 Amplius,
508 1049 728 1136 Quaecumque
740 1061 879 1114 creatura
895 1047 1058 1133 exequitur
1072 1041 1170 1107 diuinae
1198 1045 1199 1132 i

278 1138 488 1224 providentiae
511 1139 651 1203 ordinem
676 1141 734 1204 hoc
758 1139 850 1203 habet
882 1138 1066 1221 inquantum
1100 1126 1172 1216 patli-
1198 1139 1199 1192 i

279 1227 359 1314 eipat
382 1227 498 1312 aliquid
521 1227 560 1292 de
584 1227 693 1292 virtute
727 1227 783 1292 sibi
818 1225 1019 1312 providentis,
1052 1215 1170 1286 sieutin·
1198 1273 1199 1296 ,

279 1330 483 1380 strumentum
507 1338 569 1380 non
593 1331 697 1382 moret
721 1317 777 1380 nisi
801 1317 983 1400 inquantum
1008 1319 1170 1399 permotum
1198 1311 1199 1388 l

279 1406 438 1492 participat
462 1405 575 1491 aliquid
593 1407 631 1470 de
648 1406 757 1470 virtute
774 1405 950 1491 principalis
964 1399 1092 1487 agentis.
1105 1396 1170 1476 Quae
1198 1397 1199 1490 l

277 1495 370 1578 igitur
393 1494 523 1580 amplius
546 1493 585 1559 de
608 1495 718 1559 uirtute
747 1495 867 1557 divinae
891 1489 1101 1579 providentiae
1121 1501 1169 1569 ptr·

253 1585 401 1670 ¹ticipant
423 1597 493 1648 sunt
517 1585 673 1647 executira
708 1583 828 1646 divinae
852 1580 1066 1667 prouidentiae
1087 1577 1115 1638 iu
1134 1569 1168 1634 illa
1198 1591 1199 1662 p

275 1692 354 1757 quae
378 1672 479 1738 minus
502 1673 692 1759 participant.
708 1671 987 1736 Creaturaeautem
1005 1664 1169 1732 intellectua·
1198 1669 1199 1748 ,

275 1760 319 1824 les
342 1759 410 1845 plns
434 1760 499 1824 aliis
523 1761 562 1824 de
595 1762 659 1847 ipsa
698 1761 890 1847 participant;
924 1777 1010 1832 nam,
1044 1772 1110 1820 cum
1142 1745 1168 1809 td

274 1847 497 1935 prouidentiam
522 1851 693 1935 requiratur
717 1849 876 1935 dispositio
905 1845 1034 1922 ordinis,
1058 1841 1129 1928 qua'e
1147 1834 1169 1898 it
1198 1859 1199 1920 r

276 1956 330 2023 pcr
362 1938 599 2022 cognoscitiram
633 1940 788 2016 uirtutem,
810 1952 840 2001 et
873 1937 1023 2014 executio,
1057 1922 1169 2017 quacfit
1198 1941 1199 1972 t

275 2044 331 2112 per
353 2027 552 2112 operatiram,
574 2039 734 2092 creaturae
758 2025 921 2090 rationales
944 2035 1105 2106 utramque
1125 2015 1167 2077 rir-

276 2127 372 2185 tutem
397 2116 588 2202 participant;
610 2115 841 2202 reliquaerero
861 2127 1032 2192 creaturae,
1049 2112 1167 2174 virtutem

245 2268 250 2284 ,
277 2205 463 2290 operatiram
487 2217 615 2269 tantum.
641 2204 699 2269 Per
722 2217 876 2268 creaturas
898 2202 991 2287 igitur
1018 2192 1167 2265 rationator,

277 2313 385 2357 omnes
409 2292 485 2358 aliae
515 2307 674 2358 creaturae
709 2293 766 2357 sub
790 2293 891 2357 diviua
915 2287 1104 2377 providentie
1134 2299 1168 2343 rt·

276 2397 397 2465 gltnlul'.
1198 2407 1199 2452 ῃ

342 2470 459 2549 Adhuc,
482 2469 672 2556 Cuicumque
699 2490 716 2534 a
750 2469 818 2534 Deo
851 2469 941 2533 datur
963 2467 1065 2554 aliqua
1085 2462 1168 2556 uirtus,
1198 2487 1199 2492 ¹

277 2556 366 2622 datur
377 2560 403 2623 ei
417 2559 447 2622 in
464 2560 573 2624 ordine
585 2561 624 2623 ad
640 2558 781 2624 effectum
796 2559 890 2644 ipsius
906 2557 1036 2634 virtutis3
1052 2554 1092 2620 sic
1103 2566 1166 2613 entur

276 2647 391 2734 optime
415 2649 518 2712 omnia
542 2649 747 2734 disponuntur
770 2648 845 2714 dum
873 2645 1113 2732 unumquodque
1132 2653 1167 2698 οῖ’·

275 2735 397 2801 dinatur
420 2737 458 2802 ad
482 2758 585 2802 omnia
609 2738 690 2801 bona
722 2757 801 2824 quae
837 2755 873 2800 ex
912 2737 977 2822 ipso
1013 2749 1083 2798 nata
1116 2733 1167 2790 suul

274 2827 446 2911 provenire.
471 2826 571 2892 Virtus
611 2837 713 2890 autem
748 2824 931 2890 intellectiva
954 2826 993 2888 de
1016 2843 1050 2888 se
1072 2831 1113 2884 est
1131 2829 1167 2876 tr·

275 2915 407 2980 dinativa
431 2929 461 2978 et
485 2915 620 3000 regitiva3
658 2913 740 2978 unde
763 2915 902 2978 ridemus
937 2913 1032 2999 quod,
1066 2899 1169 2996 quaudo

202 2999 208 3007 ’
273 3002 502 3088 conjunguntur
524 3006 554 3067 in
583 3002 706 3081 eodem,
737 3005 830 3068 virtus
865 3004 1020 3088 operativa
1055 2992 1167 3085 sequitur

274 3095 411 3176 regimen
436 3093 554 3158 uirtutis
578 3091 790 3170 intellectivam
814 3093 892 3157 sicut
923 3093 953 3154 iu
989 3091 1109 3154 immine
1136 3097 1167 3138 n·

273 3181 383 3247 demus
406 3183 488 3268 quod
512 3183 551 3246 ad
575 3182 738 3268 imperium
756 3180 918 3246 uoluntatis
935 3193 1075 3244 moretur
1090 3185 1166 3238 mem·

273 3271 373 3335 hrum.
398 3271 483 3336 ldem
507 3271 599 3336 etiam
638 3281 774 3356 apparet,
797 3271 822 3334 si
846 3270 878 3334 in
901 3267 1029 3334 diversis
1051 3265 1166 3332 existant

272 3369 343 3423 nam
368 3359 410 3424 illi
434 3361 575 3425 homines
599 3361 651 3443 qui
674 3361 825 3424 excedunt
848 3359 878 3422 in
903 3359 1013 3422 virtute
1034 3347 1164 3444 operativa

271 3463 392 3532 oportet
414 3450 497 3535 quod
522 3450 694 3532 dirigantur
717 3449 756 3512 ab
780 3447 838 3512 illis
869 3448 920 3532 qui
944 3447 975 3510 in
1010 3449 1113 3510 virtute
1132 3437 1165 3498 in·

270 3537 419 3601 tellectira
442 3538 604 3602 excedunt.
623 3537 718 3620 Exigit
734 3538 826 3621 igitur
843 3535 966 3600 divinae
980 3528 1165 3621 providentiae
