2462 3968
195 200 261 267 258
476 218 534 262 nra.
559 220 598 265 ιιι.
623 218 688 265 cnr.
714 220 833 266 ιιιιιιιιιι.

195 285 387 366 necessitate,
412 285 470 352 nisi
494 287 586 352 etiam
610 287 648 354 sit
675 309 771 354 causa
792 281 895 356 media
934 289 1126 367 necessaria,
1224 307 1225 314 ι

194 380 272 448 sicut
293 389 323 440 et
346 376 377 440 in
401 375 585 462 syllogismis
610 397 647 442 ex
672 377 784 464 majori
809 380 848 444 de
870 379 1052 444 necessitate
1089 391 1122 444 et

194 465 307 532 minori
330 463 369 530 de
392 465 580 550 contingenti
604 467 817 554 nonsequitur
832 467 990 534 conclusio
1009 467 1049 532 de
1064 488 1124 532 ne·

194 555 344 622 cessitate.
361 552 495 639 Corpore
512 568 615 620 autem
631 555 774 624 caelestia
787 569 858 622 sunt
873 575 984 621 causae
1015 575 1124 622 remo-

194 658 254 723 tae;
266 643 425 732 proximae
435 656 537 708 autem
551 663 662 713 causae
673 643 855 710 inferiorum
867 644 1034 711 effectuum
1047 657 1124 710 sunt

123 761 129 770 ’
194 737 322 800 virtutes
344 731 461 797 activae
477 743 507 794 et
530 733 667 818 passivae
691 733 721 798 in
739 733 802 802 istis
817 731 1025 812 inferioribus,
1038 753 1125 820 quae

195 844 259 888 non
272 833 342 888 sunt
358 839 468 886 causae
481 822 672 887 necessariae
684 822 739 887 sed
752 825 976 906 contingentem
989 835 1125 909 possunt

196 913 280 976 enirn
317 909 449 976 delicere
488 923 519 974 ut
556 909 588 974 in
626 911 832 996 paucioribus.
870 911 938 976 Non
973 931 1050 996 ergo
1080 931 1126 976 ex

197 999 377 1086 corporibus
401 997 582 1063 caelestibus
604 1013 775 1086 sequuntur
791 1001 823 1066 in
840 1001 905 1066 istis
918 999 1126 1066 inferioribus

196 1087 377 1175 corporibus
400 1087 525 1152 effeetus
549 1088 588 1152 de
611 1090 802 1155 necessitate.

264 1176 555 1252 Praetereamus
578 1177 755 1244 caelestium
793 1197 958 1264 corporum
994 1197 1125 1263 semper

198 1281 244 1332 est
266 1266 377 1332 eodem
401 1265 504 1330 modu.
528 1265 558 1329 Si
583 1265 675 1349 igitur
699 1267 826 1332 effectus
849 1265 1027 1332 caelestium
1051 1286 1125 1333 cor-

195 1375 309 1442 porum
334 1357 365 1420 in
388 1354 451 1420 istis
475 1352 669 1420 inferioribus
684 1355 866 1440 corporibus
881 1375 919 1422 ex
938 1356 1126 1420 necessitate

198 1445 406 1530 provenirent,
430 1463 552 1530 semper
576 1442 687 1508 eodem
712 1445 806 1510 modo
822 1465 856 1510 se
874 1443 1026 1510 haberent
1041 1464 1127 1529 quae

198 1533 231 1598 in
270 1531 467 1600 inferioribus
504 1543 587 1602 sunt.
624 1531 691 1598 Non
727 1547 830 1598 autem
861 1552 986 1620 semper
1008 1533 1128 1600 eodem

199 1621 295 1688 modo
318 1643 351 1688 se
374 1620 499 1700 babent,
521 1621 575 1686 sed
600 1621 687 1686 utin
711 1621 862 1708 pluribus.
885 1621 952 1688 Non
976 1623 1128 1706 igiturex

199 1711 381 1776 necessitate
404 1709 596 1796 proveniunt.

266 1799 384 1876 Adbuc,
421 1797 464 1864 ur
499 1798 603 1864 multis
650 1797 898 1884 contingentibus
935 1819 997 1870 non
1023 1811 1131 1885 potest

201 1887 268 1955 steri
295 1909 391 1953 unum
415 1888 729 1974 necessariumque,
753 1889 830 1954 sicut
852 1888 989 1974 quolibet
1004 1888 1131 1953 contin·

201 1975 341 2062 gentium
365 1995 421 2062 per
443 1995 477 2040 se
500 1975 632 2042 delicere
671 1990 771 2063 potest
808 1976 847 2042 ab
885 1977 1005 2056 ellectu,
1028 1977 1070 2041 ita
1097 1989 1129 2040 et

201 2066 306 2130 omnia
330 2064 432 2130 simul.
457 2063 581 2130 Constat
605 2077 708 2130 autem
733 2065 816 2152 quod
840 2065 960 2152 singula
987 2085 1068 2152 quae
1095 2067 1129 2130 in

201 2155 266 2222 istis
304 2153 502 2218 inferioribus
539 2153 615 2219 liunt
640 2174 677 2218 cx
701 2153 906 2239 impressione
944 2154 1129 2220 caelestium

201 2263 370 2330 corporum
406 2255 478 2308 sunt
500 2243 719 2328 contingentia.
743 2243 812 2308 Non
847 2244 940 2327 igitur
972 2244 1129 2309 connexio

203 2351 409 2418 eorumquae
437 2331 468 2396 in
491 2330 555 2396 istis
578 2331 778 2398 inferioribus
802 2333 984 2417 contingunt
1007 2351 1044 2396 ex
1065 2331 1132 2396 im-

203 2420 362 2507 pressione
385 2418 563 2486 caelestium
597 2439 762 2507 corporum
783 2433 830 2486 est
866 2422 1131 2497 necessarimma·

203 2508 348 2574 niiestum
372 2522 419 2574 est
436 2509 519 2574 enim
545 2508 629 2596 quod
652 2509 812 2595 quodlibet
835 2529 944 2576 eorum
981 2507 1130 2596 impediri

226 2609 315 2664 oiesl.

203 2620 224 2686 p
270 2684 420 2774 Amplius,
444 2683 580 2772 Corpora
603 2685 744 2755 caelestia
768 2699 840 2752 sunt
874 2689 997 2772 agentia
1035 2699 1131 2751 natu-

203 2776 318 2856 raliter,
342 2796 422 2862 quae
445 2776 606 2861 requirunt
630 2776 790 2840 materiam
824 2775 855 2840 in
894 2795 988 2862 quam
1023 2790 1128 2859 agant.

204 2865 272 2930 Non
296 2865 388 2950 igitur
411 2883 449 2932 ex
473 2865 593 2929 actione
616 2884 783 2950 corporum
808 2863 987 2930 caelestium
1013 2865 1131 2930 tollitur
1224 2903 1225 2918 2

205 2955 237 3020 id
261 2953 344 3039 quod
369 2953 495 3018 materia
519 2953 656 3038 requirit.
680 2953 804 3018 Materia
842 2968 947 3018 autem
978 2953 1010 3018 in
1033 2972 1129 3038 quam

205 3055 300 3128 agunt
323 3063 453 3130 corpora
477 3041 619 3106 caelestia
642 3055 714 3106 sunt
730 3061 861 3127 corpora
878 3041 1129 3128 inferiora,·quae

207 3153 277 3198 cum
316 3133 376 3198 sint
413 3129 623 3216 corruptibilia
653 3130 824 3196 secundum
847 3151 936 3196 suam
975 3143 1128 3210 naturam,

207 3222 285 3286 sicut
308 3219 440 3285 deficere
464 3233 592 3306 possunt
614 3217 653 3284 ab
676 3238 755 3296 esse,
778 3219 819 3284 ita
849 3219 888 3284 ab
928 3219 1061 3307 operari;
1097 3233 1129 3284 et

207 3312 250 3374 sic
274 3329 385 3374 eorum
408 3322 517 3373 natura
541 3309 601 3374 boc
624 3307 718 3374 babet
741 3321 859 3374 utnon
883 3328 920 3374 ex
948 3309 1129 3374 necessitate

208 3398 381 3485 producant
404 3397 541 3464 effectus.
564 3397 632 3461 Non
646 3397 786 3482 igiturex
801 3397 999 3464 neccessitate
1015 3415 1128 3484 prove-

209 3487 300 3636 nipnt
321 3481 453 3638 elzectus‘
472 3484 649 3551 caelestium
679 3505 844 3574 corporum
882 3487 914 3554 in
949 3485 1142 3574 corporibusx

213 3595 243 3638 m
259 3593 350 3639 enon
375 3593 420 3638 us.
