2452 3970
371 297 491 343 naun.
516 298 579 344 oar.
593 295 705 340 'xcvtn
926 279 989 344 teu

72 365 176 452 potesc
199 379 271 432 tuno
292 378 407 446 autem,
430 380 462 432 ut
486 367 666 453 plurimum,
694 364 851 432 modicum
894 381 990 435 restat

72 457 223 524 humanae
245 455 334 522 vitae.
357 453 425 522 Non
447 470 493 522 est
514 455 607 542 igitur
628 453 773 540 possibile
795 456 827 520 in
849 456 907 522 bac
929 458 991 523 vita

70 546 206 612 ultimam
231 545 364 610 bominis
387 544 562 610 felicitatem
587 563 655 608 esse
679 541 856 629 perfectam.

129 634 305 713 Praeterea,
329 633 515 699 Felicitatem
548 631 719 720 perfectum
753 632 912 718 quoddam
928 635 992 700 bo-

67 743 139 788 aum
164 743 276 788 omnes
299 723 494 802 confitentur3
519 723 593 787 olias
617 721 787 807 appetitum
818 741 882 787 non
905 724 992 809 quie-

68 823 153 877 taret.
180 810 355 878 Perfectum
383 825 486 877 autem
509 812 627 877 bonum
665 823 710 875 est
743 810 826 896 quod
864 812 993 878 omnino

66 915 147 965 caret
173 896 362 967 admixtione
385 901 471 979 mali,
493 902 571 966 sicut
594 898 763 986 perfectum
803 900 908 966 album
947 916 993 967 est

67 989 149 1076 quod
175 1003 222 1054 est
243 991 369 1055 omnino
382 990 612 1077 impermistum
629 988 728 1072 nigro.
742 987 809 1053 Non
826 1003 872 1055 est
887 1003 991 1055 autem

65 1078 213 1165 possibile
237 1078 319 1162 quod
344 1079 449 1157 bomo,
473 1079 503 1143 in
527 1092 605 1143 statu
630 1077 716 1142 istius
738 1077 828 1154 vitae,
863 1080 992 1145 omnino

66 1169 103 1233 sit
125 1168 277 1232 immunis
299 1188 316 1232 a
339 1167 440 1247 unalis,
463 1187 525 1232 non
554 1166 654 1232 solum
694 1167 905 1252 corporalibus
927 1169 992 1234 sive

67 1257 255 1334 carnalibus,
277 1269 450 1343 quaesunt
472 1255 580 1330 furnes,
617 1256 693 1333 sitis,
733 1254 829 1340 frigus
865 1271 895 1321 ct
933 1257 992 1322 alia

65 1344 258 1430 hujusmodi,
280 1346 334 1410 sed
358 1347 449 1410 etiam
476 1366 492 1410 a
517 1345 604 1410 malis
628 1344 759 1421 animae;
790 1344 892 1410 nullus
908 1347 991 1411 enirn

67 1435 225 1498 invenitur
248 1434 299 1521 qui
324 1455 386 1499 non
410 1434 575 1518 aliquando
604 1431 782 1498 inordinatis
798 1434 992 1520 passionibus

69 1524 267 1610 inquietetur,
291 1523 428 1608 quinon
452 1521 618 1607 aliquando
657 1535 827 1606 praetereat
853 1522 992 1588 medium

68 1610 98 1675 in
122 1631 188 1699 quo
210 1612 306 1677 virtus
328 1613 474 1689 consistit,
498 1610 545 1675 uel
567 1611 598 1674 in
622 1609 702 1696 pluS,
738 1611 786 1676 uel
809 1611 840 1675 in
879 1613 992 1688 minus,

69 1701 119 1784 qul
145 1721 210 1765 non
234 1703 326 1765 etiarn
351 1701 380 1764 in
405 1699 558 1786 aliquibus
584 1698 762 1785 decipiatur,
801 1699 848 1764 uel
865 1700 991 1766 'saltem

68 1788 193 1872 ignoret
215 1809 295 1876 quae
318 1791 395 1855 scire
418 1788 581 1862 desiderat,
604 1789 769 1853 autetiam
797 1788 889 1854 debili
925 1791 992 1876 opi-

69 1875 163 1943 nione
186 1878 338 1965 concipiat
360 1898 395 1942 ea
418 1878 457 1943 de
480 1877 591 1962 quibus
627 1877 841 1942 certitudinem
876 1878 992 1945 babere

70 1967 171 2032 uellet.
197 1967 264 2032 Non
287 1981 332 2032 est
355 1966 448 2052 igitur
470 1966 578 2052 aliquis
602 1965 633 2030 in
657 1965 714 2031 bac
739 1967 798 2031 uita
821 1966 902 2032 felix.

136 2055 256 2134 tldlruc,
291 2055 390 2121 llomo
428 2055 606 2120 naturaliter
643 2053 756 2138 refugit
793 2071 925 2120 mortem
963 2070 994 2120 et

70 2141 209 2210 tristatur
232 2144 271 2209 de
293 2145 369 2232 ipsa,
393 2164 455 2208 non
478 2143 579 2209 solum
614 2155 647 2206 ut
685 2161 779 2219 nunc,
813 2164 884 2210 cum
923 2164 993 2210 eam

71 2235 161 2298 sentit
185 2246 216 2298 et
238 2253 306 2300 earn
330 2233 453 2318 refugit,
476 2232 530 2298 sed
553 2233 644 2297 etiam
661 2251 733 2297 cum
749 2251 818 2297 eam
835 2232 992 2317 recogitat.
1029 2309 1034 2316 Ι

74 2319 136 2386 Ηοε
160 2337 264 2387 autem
287 2322 369 2409 quod
393 2342 455 2386 non
480 2321 630 2406 moriatur
666 2321 761 2386 bomo
797 2343 861 2386 non
896 2337 995 2409 potest

73 2412 195 2497 assequi
219 2413 250 2475 in
274 2412 330 2476 hao
354 2413 423 2476 vita.
448 2409 515 2475 Non
538 2423 583 2475 est
606 2408 698 2494 igitur
729 2409 872 2496 possibile
910 2411 994 2497 quod

72 2495 169 2564 homo
194 2499 224 2564 in
249 2499 388 2565 haesita
411 2499 449 2564 sit
471 2497 553 2564 felix.

139 2588 288 2674 Amplius,
309 2587 449 2654 Felicitas
473 2587 579 2653 ultima
609 2607 671 2651 non
710 2588 846 2652 consistit
882 2588 915 2653 in
939 2590 997 2654 ba·

75 2672 152 2755 bitu,
173 2677 228 2742 sed
251 2679 281 2747 in
305 2679 494 2764 operatione;
517 2675 638 2741 babitus
661 2675 743 2741 onim
761 2689 885 2763 propter
908 2692 998 2743 actus·

75 2778 153 2829 sunt.
178 2765 240 2830 Sed
264 2766 451 2854 impossibile
475 2765 573 2831 estin
597 2765 656 2829 hac
672 2760 730 2828 vita
744 2768 888 2830 continue
902 2785 996 2850 agere

75 2869 302 2940 quamcumque
324 2855 485 2920 actionem.
524 2851 716 2938 impossibile
753 2866 799 2918 est
832 2854 925 2940 igitur
963 2857 994 2920 in

75 2939 214 3008 haesita
237 2944 396 3009 bominem
419 2941 550 3008 totaliter
573 2961 640 3006 esse
663 2939 794 3007 felicem.
997 2999 999 3004 .

85 3061 88 3067 ·
139 3029 226 3108 ltem,
249 3031 372 3114 Quanto
395 3031 509 3116 aliquid
532 3043 578 3094 est
599 3030 697 3112 magis
726 3029 935 3095 desideratum
966 3046 996 3096 et

77 3114 233 3200 dilectum,
256 3135 339 3186 tanto
361 3120 428 3203 ejus
451 3119 575 3184 amissio
613 3116 763 3202 majorem
803 3117 943 3184 dolorem
966 3136 997 3186 et
1077 3131 1082 3149 ‘

78 3206 226 3274 tristitiam
249 3210 344 3275 affert.
369 3208 508 3275 Felicitas
525 3222 628 3274 autem
644 3207 777 3272 maxime
804 3207 997 3276 desideratur

78 3305 107 3356 ει
127 3310 255 3362 amatur.
278 3297 408 3364 Maxime
447 3297 540 3382 igitur
577 3295 643 3381 ejus
681 3295 807 3360 amissio
843 3297 994 3365 tristitiam

79 3377 178 3452 habet.
201 3386 262 3452 Sed
285 3392 309 3452 si
332 3389 370 3453 sit
393 3388 423 3452 in
448 3387 505 3452 bac
528 3386 587 3450 uita
601 3383 706 3449 ultima
725 3383 993 3462 felicitas‚centum

81 3483 123 3534 ost
146 3475 229 3560 quod
251 3478 406 3542 amittetur
428 3477 535 3541 saltem
559 3486 778 3562 permortem3
802 3485 831 3540 et
860 3496 923 3541 non
947 3465 994 3545 εει

80 3573 194 3630 certum
217 3578 320 3630 utrum
338 3565 483 3631 duratura
496 3564 535 3630 sit
557 3562 708 3650 usquead
740 3577 883 3645 mortem,
920 3585 992 3632 cum
