2462 3968
396 235 453 280 ιιι.
477 236 517 280 ιιι.
541 234 604 281 ιιι.
628 236 706 282 xciv.
964 220 1027 286 287

102 305 201 371 taliter
224 314 321 389 agunt
344 302 383 369 ab
407 324 445 369 eo
469 316 563 382 mota,
586 317 616 370 ct
639 306 667 370 ei
704 303 948 392 obtemperando
971 311 1027 375 mi·

102 397 244 468 nistrant,
268 392 308 458 ad
331 393 475 458 ordinem
500 394 711 478 providentiae
748 393 787 458 ub
825 409 963 472 aeterno,
995 411 1029 464 ut

101 483 141 548 ιιι
165 483 280 558 dicam,
305 483 510 568 excogitatum
551 482 768 568 explicandum
809 483 840 547 in
870 484 972 551 rebus.
997 488 1029 552 Si

103 584 205 637 autem
247 570 351 636 omnia
374 591 454 656 quac
478 591 570 656 agere
601 587 728 656 possunt
763 591 890 638 necesse
924 591 970 639 est
997 590 1029 640 ut

102 660 131 724 iu
155 660 282 744 agendo
304 660 332 724 ei
356 661 543 738 ministrent,
566 659 756 746 impossibile
787 675 834 725 est
867 662 950 747 quod
975 663 1029 728 all·

102 750 183 833 quod
209 769 307 834 egeus
330 749 452 814 divinae
475 749 686 835 prouidentiae
723 749 937 816 executionem
972 751 1029 817 im-

101 839 205 925 pediat
231 838 291 904 sibi
314 838 365 927 (l)
393 839 581 903 contrarium
619 838 749 922 egendo.
791 837 896 924 Neque
935 842 1029 907 etiam

101 927 251 1012 possibile
274 943 320 992 est
358 927 492 992 divinam
533 927 757 1013 prouidentiam
793 928 936 1014 impediri
976 951 1030 1016 per

102 1015 259 1082 deiectum
283 1014 416 1100 ιιιιιιιιι
435 1016 554 1100 agentis
577 1015 624 1080 rel
649 1017 801 1102 patientis,
825 1036 895 1082 cuni
927 1021 1027 1086 omnis

102 1105 197 1170 virtus
221 1105 319 1170 activa
342 1119 373 1168 et
397 1107 514 1190 passivo
538 1104 577 1168 sit
599 1106 630 1168 iu
653 1106 746 1170 rebus
785 1105 955 1171 secuudum
980 1109 1026 1174 di-

102 1195 205 1259 viuam
230 1193 462 1279 dispositionem
485 1205 619 1258 causata.
643 1193 835 1279 impossibile
865 1209 911 1260 est
934 1197 1025 1262 etiam

102 1283 185 1368 quod
210 1281 396 1369 impediatur
419 1281 541 1346 diuinae
563 1281 773 1367 providentioe
808 1285 946 1350 executio
971 1306 1027 1372 per

102 1372 292 1458 providentis
316 1371 573 1447 immutationem,
607 1391 680 1436 eum
703 1371 788 1441 lleus
826 1373 865 1436 sit
899 1377 1027 1440 omnino

90 1461 320 1540 immutabilis,
342 1475 376 1525 ut
398 1479 491 1544 supro
515 1471 674 1524 ostensum
702 1473 748 1524 est
782 1461 817 1545 (l.
859 1463 888 1535 ι,
926 1483 952 1528 e.
978 1464 1029 1530 te.

4 1542 7 1571 ³
102 1547 298 1637 Relinquitur
320 1567 396 1633 ergo
419 1548 503 1635 quod
526 1547 627 1612 divina
651 1549 786 1635 provisio
809 1550 937 1617 omniuo
960 1573 1035 1640 cas-p

102 1641 161 1704 sari
186 1660 252 1704 non
276 1651 385 1725 potest.

166 1728 322 1813 Deinceps
345 1739 449 1791 autem
473 1725 735 1790 considerandum
760 1728 911 1813 estquod
935 1751 1027 1796 omne

104 1835 199 1900 agens
223 1816 354 1882 iuteudit
377 1814 416 1880 ad
439 1814 556 1880 honum
591 1828 623 1879 et
654 1815 765 1880 melius
799 1817 882 1902 quod
918 1833 1027 1905 potest,

103 1920 135 1969 ut
158 1927 253 1993 supra
277 1909 319 1991 (c.
344 1905 379 1989 5)
414 1917 571 1970 ostensum
609 1917 664 1968 cst.
699 1905 820 1970 Bonum
860 1920 962 1972 autem
997 1923 1028 1974 et

104 1994 215 2061 melius
239 2014 301 2059 uon
325 1994 436 2058 ecdem
459 1991 554 2058 modo
577 1993 811 2060 considerautur
840 1994 872 2060 iu
910 2011 974 2062 toto
997 2014 1028 2063 et

104 2081 134 2146 iu
158 2084 305 2169 partibus.
333 2083 366 2146 ln
391 2095 454 2147 toto
492 2083 587 2160 euim,
625 2082 742 2148 bonum
779 2095 825 2148 est
858 2084 1027 2170 integritus,

103 2189 182 2256 quae
205 2193 244 2238 ex
267 2171 399 2258 partium
425 2170 534 2236 ordine
558 2183 588 2234 et
612 2171 839 2256 compositione
877 2175 1025 2259 relinqui-

104 2272 151 2325 tur
175 2262 259 2326 unde
282 2261 394 2326 melius
410 2273 455 2324 est
480 2259 535 2322 toti
558 2259 643 2344 quod
666 2263 704 2324 sit
728 2261 807 2326 inter
836 2276 937 2347 partes
960 2261 1027 2348 ejus

103 2348 274 2437 disparitas,
297 2349 440 2434 sineque
480 2346 557 2412 crdo
581 2361 612 2412 ct
645 2347 792 2433 perfectio
829 2350 920 2416 totius
959 2371 1026 2420 esse

103 2458 164 2503 nou
189 2452 300 2526 potest,
324 2459 417 2524 quam
441 2435 524 2523 quod
548 2455 657 2502 omues
697 2452 798 2523 partes
836 2453 939 2506 essent
977 2461 1027 2507 ee·

104 2529 219 2612 quales,
244 2547 429 2614 unaqueque
452 2545 560 2590 earum
584 2529 780 2610 perveniente
818 2529 857 2593 ad
895 2529 1025 2613 gradum

102 2617 314 2683 nobilissimae
337 2616 441 2703 partis.
465 2613 626 2696 Quaelibet
640 2626 754 2678 'autem
779 2636 850 2701 pars
873 2617 1026 2686 inferioris

103 2706 228 2788 gradus,
252 2707 339 2772 inse
363 2703 566 2780 considerata‚
589 2701 699 2766 melior
729 2717 810 2770 esset
843 2707 868 2770 si
891 2720 972 2771 esset
994 2709 1026 2773 in

104 2797 201 2876 gradu
215 2795 384 2880 superioris
407 2793 512 2878 partis,
536 2792 613 2856 sicut
637 2805 721 2877 patet
743 2792 774 2858 iu
814 2814 944 2880 corpore
968 2798 1026 2862 hu·
1136 2795 1139 2802 ’

103 2900 208 2962 meum
231 2883 353 2968 dignior
376 2882 459 2946 euim
483 2901 554 2968 pars
578 2893 658 2944 esset
681 2899 735 2966 pes
774 2881 919 2961 hominis,
943 2885 967 2948 si
992 2906 1026 2951 o·

103 2971 162 3037 culi
201 2971 461 3060 pulchritudinem
495 2983 526 3034 et
560 2969 703 3034 virtutem
742 2969 880 3048 haberet;
914 2993 1026 3060 corpus

102 3075 205 3126 autem
222 3074 320 3126 totum
347 3079 416 3126 esse
440 3056 662 3144 imperfectius,
675 3057 700 3122 si
727 3059 755 3123 ei
782 3060 868 3147 pedis
891 3059 1026 3128 officium

103 3145 232 3216 deesset.
255 3149 301 3214 Ad
324 3148 407 3214 aliud
430 3148 522 3232 igitur
547 3147 644 3212 tendit
671 3148 800 3213 intentio
835 3150 1026 3235 particularis

103 3241 218 3321 agentis
241 3253 271 3304 et
294 3237 484 3304 universalis.
508 3235 586 3302 Nam
611 3235 795 3322 particulare
811 3258 906 3324 agens
929 3239 1027 3306 tendit

105 3325 142 3390 ud
164 3328 280 3395 bouum
304 3328 398 3416 partis
421 3325 563 3391 absolute
585 3340 615 3389 et
639 3323 710 3390 lacit
733 3345 802 3390 eam
819 3339 935 3412 quanto
958 3348 1025 3393 mc-

104 3409 210 3482 licrem
234 3429 344 3504 potest,
359 3413 532 3481 uniuersale
555 3426 659 3482 autem
683 3433 778 3500 egeus
795 3415 890 3482 tendit
916 3417 1024 3484 adbo-

156 3522 193 3592 ιι)
212 3521 278 3592 Silii,
297 3522 338 3580 vel
355 3521 443 3594 potius
461 3523 494 3579 ci.
