2494 3970
271 283 327 328 tta.
343 283 384 329 tu.
409 281 472 326 car.
496 281 583 326 xxxv.
611 281 709 327 xxxvi.
733 281 769 325 sr
792 281 900 326 xxxvu.
1013 263 1055 326 95

127 353 231 420 ‘etiam
256 353 328 441 quia
351 350 514 440 prudentia
538 350 609 416 lacit
632 351 790 416 hominem
803 350 883 415 bene
895 369 929 415 se
940 348 1056 417 habere

135 445 167 508 in
191 442 240 508 his
264 460 344 527 quae
365 455 437 505 sunt
460 439 498 504 ad
523 438 616 528 finem
640 439 792 522 eligenda,
815 439 892 504 sicut
904 452 986 525 patet
1001 459 1057 526 per

134 531 331 597 Aristotelem
357 528 465 614 (Ethic.
490 529 521 607 6,
543 550 569 594 c.
588 530 661 618 ld).
685 529 752 594 Non
769 527 960 612 estigiturin
984 549 1057 615 cpe-

133 621 258 686 ratione
280 618 462 706 prudentiae
485 617 590 683 ultimo
615 619 750 684 hominis
773 616 908 682 felicitas,

126 778 129 786 ,
205 709 293 786 ltem,
327 706 475 772 Animalia
513 706 734 773 irrationabilia
774 726 836 770 non
877 705 1058 793 participant

132 797 252 884 aliquid
274 794 434 868 felicitatis.
457 795 534 862 sicut
557 797 667 882 probat
690 794 867 861 Aristoteles
887 793 1001 882 (Ethic.
1028 797 1058 869 1,

132 911 161 951 c.
189 887 256 972 15).
281 885 465 971 Participoot
494 899 597 950 autem
621 885 773 971 quaedam
797 901 906 949 acrum
941 883 1057 970 ailquid

133 975 329 1062 prudentiae,
353 989 386 1040 ut
424 987 505 1059 patet
540 993 595 1060 per
628 974 773 1039 eumdem
809 971 1003 1062 (Metapltys.
1028 975 1057 1051 1,

133 1086 161 1130 e.
189 1065 245 1146 1).
268 1063 362 1149 lgitur
396 1062 525 1128 felicitas
549 1083 612 1128 ncn
646 1063 782 1129 consistit
816 1063 847 1126 in
879 1062 1057 1150 operatione

134 1153 328 1240 prudentiae.

405 1307 601 1394 'catur
643 1327 776 1396 xxxvi.

159 1507 249 1590 Qacd
269 1507 403 1592 [elicitus
435 1526 496 1572 noa
518 1508 657 1601 consistit
685 1509 716 1573 in
746 1509 923 1592 operatione
945 1510 1033 1574 artis.

201 1684 291 1750 Patet
312 1684 405 1749 etiam
429 1683 512 1774 quod
535 1703 637 1770 raeque
660 1685 690 1750 in
715 1685 894 1772 operatione
917 1686 1000 1751 artis.

176 1783 178 1790 ⁴
201 1775 280 1857 Quia
303 1775 396 1838 etiarn
420 1774 491 1840 artis
515 1775 649 1859 cognitio
673 1777 804 1862 practica
828 1789 884 1855 est,
906 1787 937 1840 et
960 1776 1000 1840 ita
1017 1776 1055 1842 ad

134 1865 229 1932 utrem
254 1863 424 1939 ordinatur3
447 1875 478 1927 et
500 1863 570 1928 ideo
594 1864 657 1952 ipsa
681 1885 744 1929 non
767 1878 813 1930 est
836 1865 960 1930 ultimus
976 1864 1056 1930 fluis.

203 1953 376 2027 Praeterea,
401 1949 622 2038 Operaticnutn
647 1955 718 2018 artis
745 1952 822 2018 fines
857 1967 927 2019 suut
962 1955 1056 2020 artifi-

134 2042 223 2118 ciata,
246 2061 326 2127 quae
350 2061 412 2110 non
437 2054 564 2127 possunt
587 2061 655 2106 esse
671 2043 796 2108 ultimus
817 2041 886 2107 finis
902 2043 1055 2110 hnmanae

134 2133 224 2210 vitae,
248 2150 319 2200 cum
342 2130 441 2214 magis
471 2150 527 2195 nos
558 2131 655 2195 simus
678 2131 754 2198 fines
788 2132 928 2196 omnium
962 2133 1055 2198 artifi-

132 2221 268 2296 cialium;
292 2219 396 2284 omnia
421 2220 505 2282 enim
530 2231 655 2305 propter
685 2219 820 2284 hominis
852 2239 943 2284 usum
967 2220 1055 2286 liunt.

132 2309 200 2374 Non
226 2321 326 2394 potest
351 2307 443 2393 igitur
465 2309 495 2372 in
510 2310 688 2395 operatione
704 2309 776 2374 artis
799 2329 867 2374 esse
882 2308 988 2394 ultima
1010 2309 1055 2376 le«

132 2397 238 2464 licitas.

412 2483 598 2550 CAPUT
632 2484 780 2555 XXXVll.

242 2661 332 2744 Quod
355 2661 468 2728 ultima
490 2663 623 2728 mininis
652 2663 786 2748 [elicitas
808 2665 948 2730 consistit

388 2751 422 2815 in
453 2753 712 2836 contemptorum
730 2753 799 2822 Dei.

199 2927 346 3015 Siigitur
369 2925 477 2993 ultima
512 2926 641 2994 felicitas
664 2930 799 2996 hominis
822 2949 885 2995 nou
920 2933 1057 2998 consistit

133 3020 165 3086 in
189 3015 393 3090 exterioribus
414 3035 496 3102 quae
518 3016 663 3086 dicuntur
682 3019 763 3085 bona
787 3018 939 3097 fortunae,
953 3037 1057 3108 neque

133 3110 164 3175 in
190 3107 279 3175 bonis
301 3106 454 3194 corporis,
479 3125 582 3192 neque
606 3107 637 3171 in
661 3107 753 3172 bonis
769 3107 891 3172 animae
907 3122 1056 3193 quantum

132 3197 172 3264 ad
194 3196 372 3268 sensitivam
397 3205 531 3283 partem,
569 3207 672 3282 neqtoe
694 3207 842 3284 quantum
867 3194 906 3262 ad
939 3197 1057 3264 intelle-

131 3288 242 3353 ctivam
265 3281 441 3353 secundum
475 3297 560 3354 aaut
582 3283 748 3350 moralium
771 3284 932 3364 virtutum,
955 3307 1057 3375 neque

131 3375 304 3442 secundum
327 3371 548 3448 intellectuales
560 3390 644 3461 quae
660 3373 698 3439 ad
715 3373 868 3440 actionem
892 3377 1057 3461 pertinent,

132 3465 247 3531 scilicet
270 3475 369 3530 artem
381 3474 412 3527 et
428 3463 642 3552 prudentiam,-
650 3461 835 3551 relinquitur
850 3464 933 3550 quod
950 3465 1056 3531 ultima

127 3553 267 3628 hominis
291 3551 420 3623 felicitat
441 3551 481 3621 sit
502 3552 535 3622 iu
558 3552 819 3642 contemplatione
841 3552 985 3622 veritatis.
