2462 3968
207 206 274 275 274
452 226 509 273 tro
532 229 575 274 ιιι.
599 228 663 274 ctu
685 229 744 276 xer.
767 231 804 276 er
827 229 895 277 ιιοιι.

272 296 389 362 Rursus
411 293 451 360 de
474 297 655 383 corporibus
686 298 830 366 humanis
865 312 896 364 et
918 297 1126 365 exterioribus

206 385 317 488 quibus
340 384 483 452 homines
506 399 644 466 utuntur,
667 389 863 454 manifestum
886 402 932 453 est
970 387 1057 490 quod
1081 400 1129 452 est

205 479 238 542 in
261 475 305 540 eis
328 473 534 561 multiplicitas
557 477 785 544 commixtionis
822 490 853 542 et
889 476 1128 554 contrarietatis,

205 579 237 632 et
258 563 342 650 quod
365 583 428 628 non
450 583 574 650 semper
596 565 707 632 eodem
731 565 825 632 modo
855 578 1029 644 moventur,
1054 565 1128 650 quia
1223 579 1224 582 ’

205 671 308 720 motus
331 671 439 718 eorum
463 673 526 718 non
549 673 679 740 possum
701 675 769 722 esse
800 655 949 734 continui,
986 666 1019 720 et
1041 653 1130 739 quod
1225 663 1226 690 ³

206 741 392 808 defectibilis
415 754 487 805 sunt
509 761 565 828 per
588 741 802 810 alterationem
826 758 856 808 et
884 743 1130 829 corruptionem.

206 831 343 918 Corpora
379 843 482 894 autem
520 830 662 896 caelestia
700 847 772 898 sunt
809 831 987 906 uniformia,
1022 843 1132 916 utpote

206 920 366 1008 simplicia,
389 918 506 1004 absque
528 921 613 986 omni
637 923 852 988 contrarietate
868 921 1039 997 existentia
1063 939 1132 986 mo·

207 1024 255 1076 tus
279 1009 371 1076 etiam
394 1027 502 1072 eorum
527 1022 600 1074 suot
624 1008 806 1089 uniformes,
829 1011 965 1076 continui
992 1023 1024 1075 et
1045 1029 1133 1074 sem·
1227 1063 1228 1076 ,

208 1119 263 1185 per
286 1097 398 1162 eodem
422 1096 516 1162 modo
538 1118 572 1164 se
594 1099 756 1177 habentes;
780 1119 838 1166 nec
876 1101 907 1164 in
945 1099 991 1164 eis
1029 1111 1134 1185 potest
1227 1079 1228 1116 ³

208 1208 276 1254 esse
296 1186 452 1273 corruptio
475 1187 524 1252 vel
546 1186 695 1253 alteratio.
719 1188 806 1254 Unde
840 1189 1051 1254 necessarium
1086 1202 1135 1252 est
1227 1193 1228 1216 ³

208 1275 293 1362 quod
316 1295 445 1360 corpora
467 1289 572 1340 nostra
595 1291 626 1342 et
649 1277 708 1342 alia
731 1277 856 1364 quaein
873 1297 963 1342 usum
989 1292 1133 1341 nostrum

208 1366 345 1444 ueniunt,
357 1385 412 1451 per
423 1378 542 1430 motum
554 1365 732 1432 caelestium
756 1387 922 1454 corporum
937 1365 1132 1452 reguleutnr.

522 1541 693 1616 CAPUT
727 1542 816 1610 xurt.
900 1585 903 1591 ,

252 1665 412 1746 Quomodo
434 1665 548 1730 dicitur
570 1667 685 1750 uliquis
702 1665 776 1731 benc
797 1667 985 1751 fortunatos.
1008 1677 1038 1731 et
1053 1687 1134 1751 quo-

296 1756 388 1819 modo
411 1755 580 1839 otijuoctur
602 1755 691 1820 lromo
714 1776 752 1821 oc
780 1755 993 1840 superioribus
1015 1757 1134 1821 causis.
1229 1815 1230 1850 ,

276 1896 317 1960 Er
341 1894 388 1960 liis
412 1907 515 1958 autem
538 1914 688 1980 apparere
712 1907 811 1980 potest
833 1893 991 1981 quomodo
1019 1893 1136 1980 aliquis

209 1986 307 2072 possit
329 1983 388 2049 diui
412 1982 492 2050 bene
505 1981 688 2048 fortunatus
710 1983 828 2050 Dicitur
850 1985 982 2048 enima
965 1982 1055 2048 alicui
1071 1986 1136 2048 ho·

209 2074 287 2140 mioi
310 2073 390 2140 bene
406 2071 577 2138 secundum
600 2072 755 2138 fortunam
789 2075 970 2176 contingere
1004 2072 1136 2158 quando

210 2162 335 2252 aliquod
357 2161 475 2226 bonum
499 2160 608 2226 accidit
630 2161 687 2226 sibi
712 2172 832 2248 praeter
859 2163 1073 2238 intentionem;
1090 2163 1137 2226 si-

210 2267 263 2318 cut
284 2271 356 2318 cum
380 2249 489 2337 aliquis
511 2249 662 2315 fodiens
654 2271 686 2314 ιιι
709 2270 784 2335 agro
809 2251 925 2316 inuenit
949 2251 1137 2317 thesaurum

211 2361 305 2428 quem
329 2360 391 2406 non
414 2338 592 2426 quaerebat.
616 2337 771 2424 Contingit
795 2352 900 2404 autem
938 2339 1074 2440 aliquem
1098 2361 1138 2406 o·

210 2441 370 2516 parantem
394 2441 515 2514 praeter
538 2427 739 2494 intentionem
762 2429 883 2514 operari
898 2428 1138 2528 propriamnon

213 2533 318 2583 tamen
341 2531 461 2604 praeter
483 2516 687 2582 intentionem
715 2516 843 2603 alicujus
880 2516 1049 2618 superioris
1083 2519 1137 2583 cui

212 2607 279 2694 ipse
302 2606 418 2684 subest3
440 2607 539 2685 sicut,
537 2607 577 2672 si
601 2605 745 2674 dominus
772 2607 882 2692 aliquis
898 2605 1066 2692 praecipiat
1081 2605 1140 2670 ali-

212 2697 262 2762 cui
278 2716 367 2762 servo
390 2695 487 2796 quod.
498 2693 589 2760 vadat
611 2693 650 2760 ad
673 2694 808 2797 aliquem
843 2695 947 2760 locum
981 2714 1043 2796 quo
1069 2695 1138 2795 ipsc

212 2785 308 2852 alium
332 2803 456 2850 servum
476 2782 541 2869 jam
564 2783 699 2857 miserat
723 2784 774 2849 illo
799 2785 972 2868 ignorante,
995 2783 1137 2850 inventio

214 2875 354 2947 conservi
387 2887 433 2938 est
466 2885 589 2974 praeter
621 2871 823 2938 intentionem
853 2874 933 2938 serui
956 2873 1053 2950 missi,
1070 2893 1136 2938 non

213 2976 319 3028 autem
355 2975 477 3050 praeter
511 2960 714 3026 intentionem
752 2962 871 3028 domini
906 2962 1066 3028 mittentis:
1104 2975 1137 3027 et

212 3051 295 3130 ideo,
317 3051 388 3120 licet
411 3071 466 3138 per
488 3049 753 3137 comparationem
776 3049 815 3116 ad
840 3051 924 3116 huuc
957 3051 1139 3116 servumsit

214 3139 373 3206 fortuitum
397 3153 427 3206 et
442 3139 574 3218 causale,
597 3151 781 3206 nontamen
799 3159 854 3226 per
868 3140 1138 3241 comparationem

214 3230 253 3294 ad
276 3229 449 3330 domiuum.
471 3227 527 3294 sed
550 3240 596 3292 est
618 3227 733 3314 aliquid
756 3229 941 3294 ordinatum.
979 3227 1089 3294 Cum'
1082 3229 1139 3313 rgi-

209 3334 263 3384 tur
285 3320 382 3387 homo
402 3319 442 3384 sit
466 3317 625 3382 ordinatus
648 3316 820 3384 secundum
850 3337 963 3403 corpus
986 3318 1045 3384 sub
1067 3337 1141 3382 cor·

214 3407 342 3493 poribus
363 3405 558 3484 caelestibus,
581 3405 753 3473 secundum
777 3405 967 3472 intellectum
992 3407 1141 3474 verosub

215 3495 348 3580 Angelis,
383 3495 553 3562 secundum
589 3493 780 3604 voluntatem
817 3508 922 3564 autem
959 3495 1017 3564 sub
1057 3491 1140 3574 Deo',
