2452 3970
221 213 284 280 444
548 235 604 282 tto.
628 237 668 282 ιιι.
681 199 754 282 'etc
779 237 804 280 t.

284 304 432 391 Amplius,
470 304 551 370 Nihil
587 299 707 372 linitu'm
744 303 931 370 desiderium
966 302 1143 368 intellectus

217 393 355 477 quietare
377 407 476 482 potest
498 396 560 481 (l);
583 395 666 480 qnod
703 395 814 460 exinde
848 394 1019 459 ostenditur
1051 395 1144 479 quod

217 481 389 548 intellectus
412 483 549 570 quolibet
572 483 658 548 linito
681 482 764 562 dato,
798 481 914 569 ahquid
943 481 1021 547 ultra
1045 482 1142 546 moli·

129 637 132 642 ,
217 584 274 635 tur·
288 573 530 674 apprehendere
555 573 637 637 unde
659 573 795 658 qualibet
825 571 906 636 linea
944 571 1029 636 finita
1052 569 1138 646 data,

215 659 351 761 aliquam
375 660 524 763 majorem
548 661 675 726 molitur
699 659 943 761 apprehendere,
971 673 1002 724 et
1024 659 1139 724 simili-

215 762 261 813 ter
284 750 314 814 itt
338 753 485 827 numeris3
509 763 539 815 et
562 752 638 814 liaeo
660 763 707 814 est
721 751 799 814 ratio
815 748 952 814 infinitae
967 747 1138 814 additionis

214 837 245 900 in
269 840 405 905 numeris
429 852 459 902 et
484 838 571 903 lineis
596 839 829 904 mathematicis.
869 836 1005 902 Altitudo
1028 851 1137 904 autern

214 941 244 988 et
267 927 360 992 uirtus
383 941 430 992 est
452 927 585 1014 finita&
587 934 601 1014 )
617 927 779 1014 cujuslibet
794 926 983 994 substantiae
999 938 1135 991 creatae.

215 1014 312 1079 Νοιι
305 1016 397 1100 tgitur
419 1015 590 1082 intellectus
613 1017 802 1082 substantiae
824 1027 983 1102 separatae
1002 1013 1137 1102 quiescit

214 1123 269 1188 per
292 1104 351 1170 boc
372 1105 455 1191 quod
479 1107 636 1208 cognoscit
657 1105 841 1170 snbstantias
875 1119 994 1170 creatas
1032 1123 1135 1188 quan-

213 1208 412 1285 tnmcumque
434 1194 616 1272 eminentes,
638 1195 692 1260 sed
716 1194 817 1260 adbuc
831 1193 961 1258 naturali
975 1191 1135 1259 desiderio

214 1269 308 1346 'tendit
332 1286 370 1347 od
393 1283 628 1368 intelligendum
651 1284 852 1348 substanttam
890 1302 969 1368 quae
993 1295 1040 1346 est
1062 1280 1134 1344 alti-

214 1370 326 1435 tudinis
348 1371 495 1445 infinitae,
519 1386 551 1436 ut
574 1387 731 1438 ostensum
755 1387 801 1436 est
823 1371 862 1436 de
886 1371 1054 1436 substantie
1077 1371 1130 1434 di·

216 1461 350 1546 vina(l.
376 1461 405 1538 l,
427 1481 454 1525 c.
478 1461 560 1544 45).

278 1549 450 1626 Praeterea,
473 1549 556 1614 Sicut
579 1548 718 1615 naturale
751 1547 940 1614 desiderium
978 1548 1057 1612 inest
1095 1569 1132 1611 o-

211 1637 334 1702 tnnibus
357 1639 611 1704 intellectualibus
650 1638 765 1702 naturis
802 1639 841 1702 ad
878 1636 1049 1714 sciendum,
1083 1637 1130 1702 ita

211 1727 289 1791 inest
310 1730 355 1793 eis
377 1729 518 1792 naturale
541 1727 727 1794 desiderium
766 1726 970 1810 ignorantiam
993 1745 1047 1790 seu
1070 1747 1129 1792 ne·

190 1816 369 1891 ‚scientiam
401 1815 544 1903 pellendi.
583 1816 777 1882 Substantias
815 1830 918 1882 sutem
953 1830 1128 1900 separatae,

208 1903 286 1968 sicut
306 1904 370 1989 jam
394 1906 510 1976 dictum
534 1918 578 1970 est
602 1908 653 1988 (o.
681 1904 764 1990 49),
800 1919 1002 1989 cognoscunt,
1034 1922 1126 1988 pree-

209 1993 291 2056 dicto
314 1994 498 2078 cognitionis
519 1995 623 2076 modo,
647 1993 848 2058 substantiam
871 1992 928 2058 Dei
942 2011 1008 2058 esse
1030 2007 1125 2078 supra

208 2101 242 2144 se
266 2096 296 2146 et
319 2103 411 2169 supra
434 2101 528 2148 omne
551 2081 583 2157 id
605 2083 689 2168 quod
712 2083 751 2146 ab
786 2083 830 2146 eis
868 2081 1058 2166 itttelligitur;
1091 2099 1125 2146 et

208 2190 262 2255 per
284 2188 476 2256 consequens
498 2173 598 2238 sciunt
621 2170 756 2236 divinam
794 2170 994 2236 substantiam
1018 2171 1076 2235 sibi
1100 2175 1122 2234 i-

208 2261 269 2344 psis
292 2279 359 2325 esse
382 2263 527 2345 ignotam.
559 2260 671 2325 Tendit
694 2261 784 2344 igitur
822 2259 969 2324 naturale'
984 2261 1123 2345 ipsorum

207 2347 392 2414 desiderium
410 2349 448 2414 ad
472 2348 701 2435 intelligendam
725 2349 860 2413 divinant
883 2347 1095 2414 substantiam.

273 2437 359 2517 ltem,
383 2437 505 2520 Quanto
522 2438 636 2524 aliquid
666 2450 711 2502 est
748 2437 801 2502 fini
835 2437 1047 2525 propinquius,
1082 2459 1121 2503 ex

205 2537 289 2590 tanto
312 2526 420 2612 majori
443 2525 596 2592 desiderio
620 2527 716 2591 tendit
738 2527 777 2590 ad
800 2525 905 2604 finem3
929 2527 1012 2590 unde
1036 2527 1121 2592 title·

204 2633 274 2678 mus
297 2617 381 2701 quod
405 2631 505 2682 motus
529 2615 675 2681 naturalis
708 2633 873 2702 corporum
907 2615 939 2680 in
973 2614 1079 2680 line
1072 2637 1120 2680 ιιι

204 2704 348 2769 tenditur.
372 2704 545 2774 intellectus
582 2719 686 2769 autern
720 2705 961 2769 substantiarum
994 2723 1119 2792 separa-

203 2805 303 2856 tarum
328 2794 562 2880 propinquiores
584 2809 655 2858 sunt
675 2791 797 2858 divinae
834 2793 1000 2878 cognitioni
1024 2814 1118 2880 quam
1215 2817 1216 2826 ¹

201 2894 307 2946 noster
329 2881 514 2948 intellectus.
553 2881 703 2947 lntensius
737 2883 829 2966 igitur
851 2882 1028 2948 desiderant
1062 2885 1120 2948 llci
1215 2935 1216 2944 ,

201 2971 409 3054 cognitionem
431 2991 525 3057 quam
542 2991 608 3035 nos.
623 2969 684 3036 Nos
704 2987 819 3049 autern,
833 2986 1122 3057 quantumcumque

200 3062 333 3125 sciamus
355 3060 456 3124 Deum
480 3078 549 3124 esse
571 3073 601 3124 et
624 3061 682 3124 alia
704 3080 784 3146 quae
807 3079 899 3145 supra
933 3061 1014 3126 dicta
1037 3080 1120 3142 sunt,

200 3167 260 3212 nou
286 3149 472 3267 quiescimus
496 3147 659 3229 desiderio,
686 3149 755 3212 sed·
779 3149 881 3214 adbuc
904 3147 1118 3216 desideramus

251 3299 289 3369 (lt
308 3299 388 3358 Nr'ltt'l
404 3304 510 3375 finitum
522 3305 679 3358 desiderium
697 3305 871 3361 intellectus...
888 3305 961 3359 Ordo
975 3305 1117 3361 uerborum

200 3380 249 3426 est.
267 3373 336 3425 Nihil
355 3374 458 3428 linitum
478 3380 597 3445 quietare
614 3383 699 3444 potest
717 3377 875 3429 desiderium
893 3371 1048 3432 intellectus.

248 3442 288 3510 (2)
306 3445 425 3498 Altitudo
443 3454 529 3500 cutem
548 3455 572 3500 ot
590 3451 710 3511 statutt„
737 3449 755 3500 i.
785 3463 808 3499 e.
835 3451 947 3506 altitudo
976 3459 1003 3506 et
1034 3453 1121 3507 virtus
1213 3479 1214 3490 ι

198 3516 336 3583 cujuslibet
354 3517 515 3574 substantiae
534 3526 636 3572 creatae
651 3484 713 3576 sunl
730 3517 828 3572 linitae.
910 3577 914 3584 ,
