2514 3972
207 205 274 273 522
536 222 593 266 rua.
615 222 658 266 ιιι.
681 222 745 268 etr.
763 222 820 268 etv.

191 343 195 350 -
275 291 450 369 Praeterea,
473 288 541 376 lpsa
563 291 687 377 loquela
711 293 856 379 proprius
877 305 964 359 actus
1001 305 1048 359 est
1082 307 1138 358 ra·'
1246 282 1247 285 '

208 381 331 449 tionalis
352 395 493 446 naturae.
516 381 671 466 Apparent
692 395 798 448 autem
820 383 916 469 aliqui
954 382 1140 466 colloquen-

208 488 255 538 tes
277 470 457 536 bominibus
480 468 511 532 iu
535 469 700 554 praedictis
724 472 958 555 operationibus
986 485 1017 536 et
1039 473 1139 536 ratio·

208 563 346 627 cluentes
370 558 410 622 de
432 558 570 622 diversis.
594 557 662 622 Non
685 573 731 624 est
755 561 851 644 igitur
879 560 1025 646 possibile
1047 561 1141 646 quod

207 647 388 737 hujusmodi
411 647 486 712 fiant
508 646 573 712 sola
597 650 708 714 virtute
730 651 910 716 caelestium
932 670 1114 736 corporum.

275 739 308 803 Si
332 738 401 824 quis
424 749 529 802 autem
551 736 632 800 dicat
656 739 739 822 quod
765 737 944 824 hujusmodi
980 759 1140 825 appareu-

208 829 269 893 tiae
308 848 372 892 uon
410 839 481 890 sunt
502 826 673 890 secuudum
698 847 825 892 seersum
848 828 1046 905 exteriorem,
1080 827 1138 892 scd

208 917 381 983 secundum
399 914 652 998 imaginationem
670 929 802 994 mutum,
818 917 878 982 boc
891 916 1018 1002 quidem
1035 917 1139 1004 priato

210 1027 273 1072 nou
298 1005 420 1070 videtur
443 1023 561 1068 verum.

275 1094 343 1159 Non
367 1093 450 1158 euim
476 1092 581 1161 alicui.
608 1107 757 1178 apparent
792 1092 911 1160 formae
949 1093 1138 1178 imaginatae

210 1183 370 1270 quasitot
395 1200 496 1258 verae,
520 1181 576 1245 uisi
601 1179 654 1245 fiat
678 1181 822 1246 alienatio
857 1182 896 1246 ab
928 1180 1138 1248 anterioribus

210 1273 363 1348 sensibus,
390 1271 461 1356 qnia
486 1290 548 1336 nou
572 1283 673 1357 potest
696 1291 765 1338 esse
788 1271 873 1356 quod
883 1271 1137 1336 similitudinibus

211 1361 557 1444 attendaturtamquam
570 1360 674 1438 rebus,
695 1361 755 1425 uisi
770 1360 863 1444 ligato
877 1360 1007 1424 naturali
1019 1359 1137 1444 jndicio

211 1473 314 1516 seusu.
328 1448 511 1534 liujusmndi
523 1462 626 1512 antem
648 1449 870 1514 collocutiones
885 1462 915 1513 et
927 1450 1136 1535 apparitiones

211 1538 289 1606 liunt
306 1537 691 1623 adbomiuesqniutuntnr
713 1537 810 1604 libere
821 1537 963 1604 sensibus
978 1538 1138 1604 exteriori·

212 1629 282 1695 bus.
306 1627 374 1694 Nou
398 1620 444 1690 esi
467 1627 559 1710 igitur
581 1627 726 1712 possibile
748 1627 831 1713 qaod
855 1625 1034 1711 hujusmodi
1072 1627 1138 1694 visa

212 1718 262 1786 vel
286 1717 390 1783 audita
405 1715 467 1780 sint
488 1715 660 1780 secuudum
684 1717 937 1800 imaginationem
960 1729 1091 1782 mutum.

279 1805 411 1882 Deinde,
455 1803 496 1868 Ex
533 1804 782 1890 quibuscumque
815 1803 922 1870 lormis
961 1805 1139 1888 imaginatis

213 1915 277 1960 non
301 1906 401 1982 potest
423 1892 514 1958 alicui
553 1894 718 1979 provenire
757 1893 971 1959 intellectualis
1000 1894 1139 1978 cognitio

213 1983 294 2050 ultra
317 1981 492 2048 facultatem
516 1982 688 2048 naturalem
711 1981 760 2047 vel
790 1982 971 2068 acquisitam
1010 1985 1057 2048 sni
1092 1984 1140 2050 in·

213 2074 361 2152 tellectus;
384 2069 468 2156 quod
491 2083 522 2134 et
545 2072 575 2135 iu
599 2071 717 2136 somnis
742 2084 839 2156 patet,
861 2069 1041 2156 inquibus,
1080 2073 1139 2138 etsi

212 2163 252 2228 sit
275 2163 377 2249 aliqua
402 2160 608 2246 praesignatio
632 2159 822 2238 futurorum,
845 2181 908 2224 non
931 2173 1036 2246 tamen
1068 2161 1140 2254 (ιιιί-ἱ
1247 2219 1248 2256 ζ

213 2271 348 2340 eumque
371 2249 478 2313 videns
501 2249 622 2314 somnia
645 2269 754 2316 eorum
793 2249 963 2334 significata
986 2250 1140 2336 intelligit.

213 2341 275 2406 Per
297 2337 478 2425 hujusmodi
502 2352 606 2404 autern
631 2339 694 2402 visa
707 2338 756 2404 vel
768 2339 875 2404 audita
892 2357 973 2424 quae
988 2353 1142 2426 apparent

213 2429 246 2494 in
283 2429 430 2516 operibus
464 2447 640 2512 magorum,
663 2427 849 2513 plerumque
885 2428 1009 2494 advenit
1046 2428 1140 2494 abaci

211 2517 428 2584 intellectualis
451 2518 587 2600 cognitio
610 2516 788 2602 aliquorum
812 2537 893 2601 quae
915 2517 962 2582 sui
1001 2517 1138 2584 intellec·

213 2622 264 2674 tus
285 2606 462 2672 laenitatem
486 2605 648 2682 excedunt,
673 2606 752 2670 sicut
774 2605 920 2670 revelatio
944 2606 1139 2674 occultorum

214 2697 444 2770 thesaurorum,
469 2692 674 2760 inanilestatio
699 2697 884 2772 luturorum3
906 2695 1139 2782 etquautloquc

214 2785 309 2852 etiam
347 2784 385 2850 de
424 2782 578 2869 aliquibus
617 2781 809 2848 documentis
840 2783 986 2849 scientiae
1009 2784 1140 2872 alicujus
1247 2799 1248 2826 t

213 2873 368 2962 aliquibus
407 2893 477 2937 vcra
512 2872 751 2958 respondentur.
792 2868 922 2957 Oportet
954 2891 1030 2958 ergo
1053 2874 1139 2960 quod

212 2964 260 3030 rel
288 2963 330 3029 illi
368 2973 552 3050 apparentes
590 2974 621 3025 et
657 2961 873 3048 colloquentes
908 2981 973 3028 non
995 2961 1139 3030 videntur

212 3051 385 3120 seeundum
410 3050 665 3136 imaginationem
684 3063 816 3128 tautum,
832 3051 880 3117 vd
920 3051 1029 3118 saltem
1053 3051 1139 3138 qood

216 3143 276 3208 boc
299 3140 352 3207 liat
379 3142 488 3206 virtute
504 3138 632 3224 alicujus
670 3139 842 3204 intellectus
863 3141 1032 3227 superioris
1055 3141 1140 3228 qnod

216 3230 311 3296 bomo
337 3249 391 3316 per
408 3228 587 3315 hujusmodi
616 3229 852 3312 imaginationes
877 3229 1140 3316 incognitionem

215 3321 324 3385 talium
341 3319 529 3393 adducatur,
545 3331 577 3382 et
598 3337 661 3384 nou
674 3317 732 3384 liat
746 3316 806 3384 boo
821 3316 922 3384 solum
946 3321 1057 3386 virtute
1072 3339 1141 3386 cae·

215 3407 339 3476 lestium
362 3427 538 3495 corporum.

283 3495 402 3576 Adbuc,
426 3495 519 3578 Quod
541 3495 653 3562 virtute
683 3492 863 3564 caelestium
899 3514 1067 3586 corporum
1105 3496 1141 3566 tt
