2494 3970
238 231 281 296 tt
504 252 560 298 tto.
585 251 790 298 111.t:tt³.xtv.
815 253 850 296 ετ
874 251 920 295 xv.

234 319 294 384 lios
330 309 411 386 'esset
445 341 547 388 eausa.
587 321 700 386 Maium
739 335 786 388 εει
828 319 957 407 alieuius
984 339 1075 386 eausa
1098 340 1156 408 pot

234 407 386 476 aooidens.
992 481 995 490 ,

277 496 668 577 item,Seoundumomnes
684 499 972 584 speeiesoausarum
982 499 1155 564 discurren-

234 585 275 651 do
285 586 437 653 invenitur
452 587 569 652 malum
586 607 653 654 esse
666 609 721 674 per
732 587 875 653 aoeidens
886 608 988 652 eausa.
1006 587 1039 652 ln
1051 590 1155 673 speeie

235 674 359 760 quidem
376 696 487 742 causae
500 675 669 754 efficientis,
686 677 757 761 quia
770 691 898 764 propter
909 697 1019 742 causae
1035 679 1154 762 agentis

233 763 429 830 deficientem
456 766 598 830 virtutem
622 767 760 852 sequitur
783 765 920 832 deiectus
944 765 974 830 in
992 764 1109 831 effectu
1123 779 1156 830 et

232 854 362 918 actione.
387 853 421 920 ln
445 854 548 940 speeie
572 875 646 920 vero
669 875 780 920 causae
803 853 982 931 materialis,
1002 856 1078 940 quia
1116 875 1152 919 ex

231 942 379 1008 materiae
402 942 635 1029 indispositione
660 943 981 1010 causaturin‘eifeotu
1004 942 1154 1008 defectus.

231 1029 264 1096 ln
277 1031 379 1118 speeie
402 1050 475 1097 veto
498 1051 609 1098 eausae
621 1031 768 1110 formalia
781 1033 854 1118 quia
871 1031 1055 1100 uniformes
1072 1053 1155 1098 sem·
1222 1101 1226 1106 ,

231 1139 286 1204 ρει
301 1119 479 1206 adjungitur
495 1120 621 1188 alterius
634 1121 753 1190 soranae
771 1121 909 1206 privatio.
925 1121 1151 1207 Inspeoievero

230 1228 341 1274 causae
367 1208 478 1288 finalis,
501 1210 573 1296 quia
597 1211 734 1278 indebito
753 1209 806 1276 fini
820 1211 1000 1296 adjungitur
1023 1210 1153 1289 malum,

229 1297 260 1362 in
278 1309 428 1382 quantum
453 1299 632 1387 peripsum
656 1299 725 1366 finis
748 1299 869 1364 debitus
892 1299 1068 1386 impeditur.

238 1419 241 1426 ·
295 1385 382 1452 Patet
404 1387 497 1472 igitur
519 1389 603 1474 quod
637 1389 754 1456 maium
787 1401 833 1454 est
868 1409 960 1454 eausa
984 1408 1040 1476 pet
1072 1389 1151 1454 aoei-

228 1474 306 1542 dens
330 1490 361 1543 et
383 1496 447 1542 non
470 1490 570 1563 potest
593 1498 662 1544 esso
685 1498 778 1545 eausa
801 1497 858 1565 pet·
879 1498 924 1544 εε.

477 1603 482 1616 1
552 1653 739 1722 CAPUT
772 1655 835 1722 XV.

227 1833 317 1911 Quod
338 1853 401 1898 nott
424 1846 470 1900 εει
491 1853 644 1898 sommum
666 1836 785 1900 taniam
819 1834 902 1920 qood
934 1835 976 1898 sit
1012 1834 1149 1898 omnium

490 1923 646 1988 maiorum
681 1923 880 2008 principium.

291 2099 334 2164 Ex
357 2099 417 2166 hoo
441 2113 546 2166 autem
570 2113 654 2185 potet
676 2099 761 2188 quod
784 2121 845 2166 non
871 2111 974 2186 potest
1000 2121 1069 2166 esse
1092 2103 1148 2168 ali-

224 2186 308 2272 quod
331 2207 490 2254 summum
513 2189 631 2254 matum
655 2189 738 2275 quod
763 2191 801 2254 sit
824 2190 964 2256 omnium
992 2190 1146 2258 malorum

224 2275 421 2363 principium.
681 2334 689 2352 ,

291 2364 457 2432 Summum
495 2365 579 2432 onim
616 2367 737 2432 maium·
772 2377 893 2451 oportet
930 2386 998 2431 esse
1028 2368 1147 2456 absque

224 2455 380 2520 consortio
402 2457 505 2520 omnis
529 2455 614 2533 honi,
637 2458 715 2520 siout
737 2469 767 2519 et
791 2475 949 2520 summunt
973 2455 1090 2524 bonum
1099 2475 1147 2524 est
1238 2447 1239 2518 ἶ

224 2541 309 2628 quod
332 2557 378 2610 est
401 2543 529 2610 omnino
552 2558 770 2631 separatuma
807 2543 900 2608 malo.
939 2543 1007 2608 Non
1044 2561 1147 2632 potest

224 2644 327 2696 autem
351 2652 419 2697 εεεε
442 2631 566 2718 aliquod
592 2633 709 2696 malum
748 2633 875 2700 omnino
913 2648 1091 2718 separatum
1127 2659 1144 2702 a
1238 2679 1239 2690 ι

223 2719 318 2797 bono,
340 2740 411 2786 oum
434 2733 592 2787 ostensum
616 2722 655 2786 sit
678 2723 719 2804 (o.
735 2722 801 2803 ii),
825 2721 909 2806 quod
931 2721 1049 2788 malum
1073 2723 1145 2789 iun·
1238 2719 1239 2726 '

126 2863 130 2872 .
223 2809 368 2876 daturin
392 2810 485 2876 bono.
509 2809 590 2894 Ergo
613 2809 698 2881 nihii,
713 2825 759 2874 est
781 2829 908 2876 summe·
926 2809 1074 2877 matum?

287 2898 406 2978 Adhuo,
429 2897 462 2963 Si
484 2897 601 2983 aliquid
628 2913 674 2963 εει
697 2917 821 2966 suntme
859 2898 987 2976 malum,
1022 2915 1146 2988 oportet

221 2987 306 3071 quod
330 3009 384 3075 per
406 2987 571 3054 essentiam
594 3007 683 3052 suam
707 2988 745 3052 sit
767 2987 896 3062 malum,
920 2989 999 3052 siout
1015 3001 1046 3054 et
1060 3011 1146 3056 som·
1238 3017 1239 3056 t

220 3095 272 3139 me
301 3077 420 3144 bonum
439 3091 485 3142 est
508 3075 591 3162 quod
609 3095 663 3162 pes
685 3075 1073 3142 suamesseotismbonum
1087 3095 1145 3144 est.
1238 3077 1239 3082 ’

221 3163 286 3230 Hoc
309 3179 412 3232 autem
436 3178 482 3232 est
503 3165 707 3252 impossibile,
729 3185 801 3230 oum
814 3165 931 3230 malunt
945 3185 1008 3230 aon
1031 3167 1146 3234 habeat

221 3251 357 3338 aliquam
380 3255 556 3332 essentiam,
580 3258 728 3341 utsupra
752 3255 793 3341 (o.
823 3255 859 3340 7)
896 3253 1062 3340 probatum
1085 3271 1144 3323 εει.

221 3341 412 3428 {inpossibile
435 3357 481 3410 εει
504 3343 596 3428 igitur
618 3362 735 3430 ponere
746 3361 905 3408 summum
927 3341 1046 3409 malum
1058 3346 1145 3431 quod

220 3431 259 3494 sit
281 3430 435 3498 malorum
459 3432 655 3518 principium.

287 3519 376 3600 item,
399 3521 475 3586 illud
499 3520 583 3606 quod
606 3533 651 3585 est
688 3520 824 3606 primum
858 3519 1043 3607 principium
1077 3543 1144 3590 non
