<?xml version="1.0" encoding="UTF-8"?>
<!DOCTYPE html PUBLIC "-//W3C//DTD XHTML 1.0 Transitional//EN"
    "http://www.w3.org/TR/xhtml1/DTD/xhtml1-transitional.dtd">
<html xmlns="http://www.w3.org/1999/xhtml" xml:lang="en" lang="en">
 <head>
  <title>
</title>
<meta http-equiv="Content-Type" content="text/html;charset=utf-8" />
  <meta name='ocr-system' content='tesseract 3.04.00' />
  <meta name='ocr-capabilities' content='ocr_page ocr_carea ocr_par ocr_line ocrx_word'/>
</head>
<body>
  <div class='ocr_page' id='page_1' title='image "./sanctithomaeaqu00thomgoog_0355.png"; bbox 0 0 2514 3972; ppageno 0'>
   <div class='ocr_carea' id='block_1_1' title="bbox 225 183 1244 1801">
    <p class='ocr_par' dir='ltr' id='par_1_1' title="bbox 228 183 936 266">
     <span class='ocr_line' id='line_1_1' title="bbox 228 183 936 266; baseline -0.001 -1"><span class='ocrx_word' id='word_1_1' title='bbox 228 197 297 266; x_wconf 75' lang='lat' dir='ltr'>aba</span> <span class='ocrx_word' id='word_1_2' title='bbox 475 217 530 264; x_wconf 86' lang='lat' dir='ltr'>ara.</span> <span class='ocrx_word' id='word_1_3' title='bbox 553 183 596 264; x_wconf 72' lang='lat' dir='ltr'>rrt&#39;.</span> <span class='ocrx_word' id='word_1_4' title='bbox 620 219 683 264; x_wconf 82' lang='lat' dir='ltr'>car.</span> <span class='ocrx_word' id='word_1_5' title='bbox 707 218 775 265; x_wconf 81' lang='lat' dir='ltr'>can.</span> <span class='ocrx_word' id='word_1_6' title='bbox 799 218 834 264; x_wconf 83' lang='lat' dir='ltr'>rr</span> <span class='ocrx_word' id='word_1_7' title='bbox 858 216 936 264; x_wconf 84' lang='lat' dir='ltr'>artu.</span> 
     </span>
    </p>

    <p class='ocr_par' dir='ltr' id='par_1_2' title="bbox 226 286 1241 811">
     <span class='ocr_line' id='line_1_2' title="bbox 229 286 1241 374; baseline -0.002 -20"><span class='ocrx_word' id='word_1_8' title='bbox 229 288 333 355; x_wconf 83' lang='lat' dir='ltr'>diviua</span> <span class='ocrx_word' id='word_1_9' title='bbox 355 286 440 354; x_wconf 85' lang='lat' dir='ltr'>euim</span> <span class='ocrx_word' id='word_1_10' title='bbox 462 288 653 374; x_wconf 83' lang='lat' dir='ltr'>providentia</span> <span class='ocrx_word' id='word_1_11' title='bbox 676 287 806 353; x_wconf 85' lang='lat' dir='ltr'>naturali</span> <span class='ocrx_word' id='word_1_12' title='bbox 841 286 950 352; x_wconf 87' lang='lat' dir='ltr'>ordine</span> <span class='ocrx_word' id='word_1_13' title='bbox 987 287 1020 354; x_wconf 92' lang='lat' dir='ltr'>in</span> <span class='ocrx_word' id='word_1_14' title='bbox 1057 308 1154 356; x_wconf 81' lang='lat' dir='ltr'>usum</span> <span class='ocrx_word' id='word_1_15' title='bbox 1240 323 1241 352; x_wconf 70' lang='lat' dir='ltr'>t</span> 
     </span>
     <span class='ocr_line' id='line_1_3' title="bbox 230 375 1154 462; baseline 0.002 -20"><span class='ocrx_word' id='word_1_16' title='bbox 230 376 364 444; x_wconf 88' lang='lat' dir='ltr'>hominis</span> <span class='ocrx_word' id='word_1_17' title='bbox 387 376 578 455; x_wconf 79' lang='lat' dir='ltr'>ordinantur,</span> <span class='ocrx_word' id='word_1_18' title='bbox 600 375 683 442; x_wconf 90' lang='lat' dir='ltr'>unde</span> <span class='ocrx_word' id='word_1_19' title='bbox 707 377 824 462; x_wconf 83' lang='lat' dir='ltr'><strong>absque</strong></span> <span class='ocrx_word' id='word_1_20' title='bbox 854 375 963 460; x_wconf 85' lang='lat' dir='ltr'>injuria</span> <span class='ocrx_word' id='word_1_21' title='bbox 985 376 1084 445; x_wconf 88' lang='lat' dir='ltr'>bomo</span> <span class='ocrx_word' id='word_1_22' title='bbox 1107 378 1154 444; x_wconf 84' lang='lat' dir='ltr'>eis</span> 
     </span>
     <span class='ocr_line' id='line_1_4' title="bbox 229 464 1155 552; baseline 0.002 -20"><span class='ocrx_word' id='word_1_23' title='bbox 229 467 334 545; x_wconf 86' lang='lat' dir='ltr'>utitur,</span> <span class='ocrx_word' id='word_1_24' title='bbox 357 465 526 532; x_wconf 87' lang='lat' dir='ltr'>occidendo</span> <span class='ocrx_word' id='word_1_25' title='bbox 549 465 596 532; x_wconf 87' lang='lat' dir='ltr'>vel</span> <span class='ocrx_word' id='word_1_26' title='bbox 618 466 756 552; x_wconf 85' lang='lat' dir='ltr'>quolibet</span> <span class='ocrx_word' id='word_1_27' title='bbox 778 465 839 532; x_wconf 90' lang='lat' dir='ltr'>alio</span> <span class='ocrx_word' id='word_1_28' title='bbox 876 464 985 543; x_wconf 89' lang='lat' dir='ltr'>modo;</span> <span class='ocrx_word' id='word_1_29' title='bbox 1022 480 1155 552; x_wconf 87' lang='lat' dir='ltr'>propter</span> 
     </span>
     <span class='ocr_line' id='line_1_5' title="bbox 227 553 1153 642; baseline -0.001 -22"><span class='ocrx_word' id='word_1_30' title='bbox 227 554 313 642; x_wconf 89' lang='lat' dir='ltr'>quod</span> <span class='ocrx_word' id='word_1_31' title='bbox 335 569 365 622; x_wconf 88' lang='lat' dir='ltr'>ct</span> <span class='ocrx_word' id='word_1_32' title='bbox 387 554 540 620; x_wconf 85' lang='lat' dir='ltr'><strong>Dominus</strong></span> <span class='ocrx_word' id='word_1_33' title='bbox 562 555 637 620; x_wconf 79' lang='lat' dir='ltr'>dixit</span> <span class='ocrx_word' id='word_1_34' title='bbox 660 555 698 620; x_wconf 85' lang='lat' dir='ltr'>ed</span> <span class='ocrx_word' id='word_1_35' title='bbox 723 553 801 620; x_wconf 83' lang='lat' dir='ltr'>Noe:</span> <span class='ocrx_word' id='word_1_36' title='bbox 821 553 962 620; x_wconf 85' lang='lat' dir='ltr'>Etomrte</span> <span class='ocrx_word' id='word_1_37' title='bbox 983 555 1070 642; x_wconf 68' lang='lat' dir='ltr'>quod</span> <span class='ocrx_word' id='word_1_38' title='bbox 1084 576 1153 626; x_wconf 68' lang='lat' dir='ltr'>mo</span> 
     </span>
     <span class='ocr_line' id='line_1_6' title="bbox 230 643 1152 727; baseline 0.002 -17"><span class='ocrx_word' id='word_1_39' title='bbox 230 655 318 710; x_wconf 86' lang='lat' dir='ltr'>vetur</span> <span class='ocrx_word' id='word_1_40' title='bbox 340 655 370 708; x_wconf 87' lang='lat' dir='ltr'>et</span> <span class='ocrx_word' id='word_1_41' title='bbox 393 644 466 708; x_wconf 83' lang='lat' dir='ltr'>uiuit</span> <span class='ocrx_word' id='word_1_42' title='bbox 486 645 545 709; x_wconf 82' lang='lat' dir='ltr'>erit</span> <span class='ocrx_word' id='word_1_43' title='bbox 567 645 651 710; x_wconf 83' lang='lat' dir='ltr'>cobis</span> <span class='ocrx_word' id='word_1_44' title='bbox 673 643 707 708; x_wconf 82' lang='lat' dir='ltr'>t‘n</span> <span class='ocrx_word' id='word_1_45' title='bbox 728 643 842 722; x_wconf 85' lang='lat' dir='ltr'>cibum,</span> <span class='ocrx_word' id='word_1_46' title='bbox 874 645 968 727; x_wconf 19' lang='lat' dir='ltr'>*qnasi</span> <span class='ocrx_word' id='word_1_47' title='bbox 990 645 1082 710; x_wconf 84' lang='lat' dir='ltr'>olera</span> <span class='ocrx_word' id='word_1_48' title='bbox 1102 646 1152 712; x_wconf 84' lang='lat' dir='ltr'>oi-</span> 
     </span>
     <span class='ocr_line' id='line_1_7' title="bbox 226 731 933 811; baseline 0.003 -15"><span class='ocrx_word' id='word_1_49' title='bbox 226 733 330 798; x_wconf 83' lang='lat' dir='ltr'>rentia</span> <span class='ocrx_word' id='word_1_50' title='bbox 361 732 480 798; x_wconf 81' lang='lat' dir='ltr'>tradidi</span> <span class='ocrx_word' id='word_1_51' title='bbox 501 731 587 798; x_wconf 83' lang='lat' dir='ltr'>vobis</span> <span class='ocrx_word' id='word_1_52' title='bbox 609 733 724 811; x_wconf 86' lang='lat' dir='ltr'>omnic,</span> <span class='ocrx_word' id='word_1_53' title='bbox 747 731 825 798; x_wconf 85' lang='lat' dir='ltr'><strong>Gen.</strong></span> <span class='ocrx_word' id='word_1_54' title='bbox 848 731 879 808; x_wconf 84' lang='grc'>9,</span> <span class='ocrx_word' id='word_1_55' title='bbox 902 732 933 798; x_wconf 79' lang='grc'>5.</span> 
     </span>
    </p>

    <p class='ocr_par' dir='ltr' id='par_1_3' title="bbox 225 819 1244 1801">
     <span class='ocr_line' id='line_1_8' title="bbox 293 819 1243 909; baseline 0.002 -23"><span class='ocrx_word' id='word_1_56' title='bbox 293 821 325 888; x_wconf 85' lang='lat' dir='ltr'>Si</span> <span class='ocrx_word' id='word_1_57' title='bbox 348 842 408 907; x_wconf 87' lang='lat' dir='ltr'>qua</span> <span class='ocrx_word' id='word_1_58' title='bbox 433 841 505 886; x_wconf 86' lang='lat' dir='ltr'>vero</span> <span class='ocrx_word' id='word_1_59' title='bbox 529 823 560 887; x_wconf 91' lang='lat' dir='ltr'>in</span> <span class='ocrx_word' id='word_1_60' title='bbox 583 843 668 886; x_wconf 87' lang='lat' dir='ltr'>sacra</span> <span class='ocrx_word' id='word_1_61' title='bbox 691 821 848 907; x_wconf 89' lang='lat' dir='ltr'>Scriptura</span> <span class='ocrx_word' id='word_1_62' title='bbox 865 819 1062 886; x_wconf 77' lang='lat' dir='ltr'>inveniantur</span> <span class='ocrx_word' id='word_1_63' title='bbox 1081 843 1155 909; x_wconf 91' lang='lat' dir='ltr'>pro·</span> <span class='ocrx_word' id='word_1_64' title='bbox 1242 821 1243 824; x_wconf 68' lang='grc'>’</span> 
     </span>
     <span class='ocr_line' id='line_1_9' title="bbox 227 908 1156 996; baseline 0.002 -20"><span class='ocrx_word' id='word_1_65' title='bbox 227 910 366 976; x_wconf 77' lang='lat' dir='ltr'>bibentia</span> <span class='ocrx_word' id='word_1_66' title='bbox 390 909 504 996; x_wconf 87' lang='lat' dir='ltr'>aliquid</span> <span class='ocrx_word' id='word_1_67' title='bbox 528 909 716 976; x_wconf 75' lang='lat' dir='ltr'>crudelitatis</span> <span class='ocrx_word' id='word_1_68' title='bbox 740 911 771 974; x_wconf 92' lang='lat' dir='ltr'>in</span> <span class='ocrx_word' id='word_1_69' title='bbox 795 908 937 976; x_wconf 89' lang='lat' dir='ltr'>animalia</span> <span class='ocrx_word' id='word_1_70' title='bbox 951 909 1041 974; x_wconf 88' lang='lat' dir='ltr'>bruta</span> <span class='ocrx_word' id='word_1_71' title='bbox 1064 931 1156 978; x_wconf 93' lang='lat' dir='ltr'>com·</span> 
     </span>
     <span class='ocr_line' id='line_1_10' title="bbox 228 997 1155 1086; baseline 0.002 -20"><span class='ocrx_word' id='word_1_72' title='bbox 228 999 318 1075; x_wconf 92' lang='lat' dir='ltr'>mitti,</span> <span class='ocrx_word' id='word_1_73' title='bbox 341 999 419 1064; x_wconf 89' lang='lat' dir='ltr'>sicat</span> <span class='ocrx_word' id='word_1_74' title='bbox 440 999 480 1064; x_wconf 94' lang='lat' dir='ltr'>de</span> <span class='ocrx_word' id='word_1_75' title='bbox 503 1019 559 1066; x_wconf 90' lang='lat' dir='ltr'>ave</span> <span class='ocrx_word' id='word_1_76' title='bbox 580 1020 653 1064; x_wconf 92' lang='lat' dir='ltr'>cum</span> <span class='ocrx_word' id='word_1_77' title='bbox 677 997 767 1086; x_wconf 87' lang='lat' dir='ltr'>pullis</span> <span class='ocrx_word' id='word_1_78' title='bbox 800 1019 863 1064; x_wconf 90' lang='lat' dir='ltr'>aon</span> <span class='ocrx_word' id='word_1_79' title='bbox 886 997 1067 1077; x_wconf 89' lang='lat' dir='ltr'>occidenda,</span> <span class='ocrx_word' id='word_1_80' title='bbox 1092 1001 1155 1068; x_wconf 77' lang='lat' dir='ltr'>hoc</span> 
     </span>
     <span class='ocr_line' id='line_1_11' title="bbox 225 1087 1155 1156; baseline 0.004 -4"><span class='ocrx_word' id='word_1_81' title='bbox 225 1088 268 1152; x_wconf 83' lang='lat' dir='ltr'>fit:</span> <span class='ocrx_word' id='word_1_82' title='bbox 292 1087 341 1154; x_wconf 83' lang='lat' dir='ltr'>vel</span> <span class='ocrx_word' id='word_1_83' title='bbox 363 1087 405 1154; x_wconf 92' lang='lat' dir='ltr'>ad</span> <span class='ocrx_word' id='word_1_84' title='bbox 426 1087 648 1154; x_wconf 83' lang='lat' dir='ltr'>removendum</span> <span class='ocrx_word' id='word_1_85' title='bbox 673 1087 808 1154; x_wconf 86' lang='lat' dir='ltr'>bominis</span> <span class='ocrx_word' id='word_1_86' title='bbox 829 1087 968 1152; x_wconf 86' lang='lat' dir='ltr'>aninrum</span> <span class='ocrx_word' id='word_1_87' title='bbox 997 1107 1015 1150; x_wconf 87' lang='lat' dir='ltr'>a</span> <span class='ocrx_word' id='word_1_88' title='bbox 1038 1089 1155 1156; x_wconf 91' lang='lat' dir='ltr'>crude·</span> 
     </span>
     <span class='ocr_line' id='line_1_12' title="bbox 227 1172 1154 1262; baseline 0.004 -20"><span class='ocrx_word' id='word_1_89' title='bbox 227 1177 309 1244; x_wconf 89' lang='lat' dir='ltr'>litate</span> <span class='ocrx_word' id='word_1_90' title='bbox 333 1178 363 1242; x_wconf 91' lang='lat' dir='ltr'>in</span> <span class='ocrx_word' id='word_1_91' title='bbox 387 1172 530 1243; x_wconf 85' lang='lat' dir='ltr'>homines</span> <span class='ocrx_word' id='word_1_92' title='bbox 552 1177 735 1260; x_wconf 78' lang='lat' dir='ltr'>exercenda,</span> <span class='ocrx_word' id='word_1_93' title='bbox 758 1197 797 1242; x_wconf 90' lang='lat' dir='ltr'>ae</span> <span class='ocrx_word' id='word_1_94' title='bbox 820 1177 940 1262; x_wconf 88' lang='lat' dir='ltr'>aliquis,</span> <span class='ocrx_word' id='word_1_95' title='bbox 963 1181 1154 1246; x_wconf 79' lang='lat' dir='ltr'>&#39;exercendo</span> 
     </span>
     <span class='ocr_line' id='line_1_13' title="bbox 226 1263 1154 1352; baseline 0.004 -22"><span class='ocrx_word' id='word_1_96' title='bbox 226 1265 362 1332; x_wconf 80' lang='lat' dir='ltr'>crudelia</span> <span class='ocrx_word' id='word_1_97' title='bbox 385 1266 466 1332; x_wconf 89' lang='lat' dir='ltr'>circa</span> <span class='ocrx_word' id='word_1_98' title='bbox 489 1265 589 1345; x_wconf 90' lang='lat' dir='ltr'>bruta,</span> <span class='ocrx_word' id='word_1_99' title='bbox 610 1286 648 1331; x_wconf 83' lang='lat' dir='ltr'>ex</span> <span class='ocrx_word' id='word_1_100' title='bbox 675 1267 733 1330; x_wconf 88' lang='lat' dir='ltr'>boc</span> <span class='ocrx_word' id='word_1_101' title='bbox 756 1265 901 1352; x_wconf 88' lang='lat' dir='ltr'>procedat</span> <span class='ocrx_word' id='word_1_102' title='bbox 925 1263 963 1330; x_wconf 91' lang='lat' dir='ltr'>ad</span> <span class='ocrx_word' id='word_1_103' title='bbox 992 1265 1154 1347; x_wconf 87' lang='lat' dir='ltr'>homiues,</span> 
     </span>
     <span class='ocr_line' id='line_1_14' title="bbox 227 1353 1155 1442; baseline 0.003 -22"><span class='ocrx_word' id='word_1_104' title='bbox 227 1355 276 1422; x_wconf 81' lang='lat' dir='ltr'>uel</span> <span class='ocrx_word' id='word_1_105' title='bbox 298 1355 369 1441; x_wconf 89' lang='lat' dir='ltr'>quia</span> <span class='ocrx_word' id='word_1_106' title='bbox 393 1355 424 1420; x_wconf 92' lang='lat' dir='ltr'>in</span> <span class='ocrx_word' id='word_1_107' title='bbox 449 1355 617 1442; x_wconf 82' lang='lat' dir='ltr'>temporale</span> <span class='ocrx_word' id='word_1_108' title='bbox 652 1353 802 1422; x_wconf 86' lang='lat' dir='ltr'>damnum</span> <span class='ocrx_word' id='word_1_109' title='bbox 837 1353 970 1420; x_wconf 87' lang='lat' dir='ltr'>bominis</span> <span class='ocrx_word' id='word_1_110' title='bbox 1007 1357 1155 1440; x_wconf 80' lang='lat' dir='ltr'>provenit</span> 
     </span>
     <span class='ocr_line' id='line_1_15' title="bbox 225 1441 1244 1522; baseline 0.002 -13"><span class='ocrx_word' id='word_1_111' title='bbox 225 1443 409 1511; x_wconf 81' lang='lat' dir='ltr'>animalibus</span> <span class='ocrx_word' id='word_1_112' title='bbox 432 1443 513 1510; x_wconf 89' lang='lat' dir='ltr'>illata</span> <span class='ocrx_word' id='word_1_113' title='bbox 536 1444 641 1522; x_wconf 89' lang='lat' dir='ltr'>laesio,</span> <span class='ocrx_word' id='word_1_114' title='bbox 663 1443 728 1510; x_wconf 87' lang='lat' dir='ltr'>sive</span> <span class='ocrx_word' id='word_1_115' title='bbox 751 1441 908 1508; x_wconf 84' lang='lat' dir='ltr'>inserentis</span> <span class='ocrx_word' id='word_1_116' title='bbox 930 1443 1152 1522; x_wconf 83' lang='lat' dir='ltr'>s.irealterius;</span> <span class='ocrx_word' id='word_1_117' title='bbox 1243 1477 1244 1494; x_wconf 66' lang='lat'><em>÷</em></span> 
     </span>
     <span class='ocr_line' id='line_1_16' title="bbox 226 1531 1244 1620; baseline 0.005 -24"><span class='ocrx_word' id='word_1_118' title='bbox 226 1533 272 1598; x_wconf 88' lang='lat' dir='ltr'>vel</span> <span class='ocrx_word' id='word_1_119' title='bbox 297 1546 420 1618; x_wconf 88' lang='lat' dir='ltr'>propter</span> <span class='ocrx_word' id='word_1_120' title='bbox 441 1532 576 1620; x_wconf 86' lang='lat' dir='ltr'>aliquam</span> <span class='ocrx_word' id='word_1_121' title='bbox 599 1531 866 1618; x_wconf 77' lang='lat' dir='ltr'>significationem,</span> <span class='ocrx_word' id='word_1_122' title='bbox 889 1533 966 1596; x_wconf 90' lang='lat' dir='ltr'>sieut</span> <span class='ocrx_word' id='word_1_123' title='bbox 981 1531 1150 1617; x_wconf 82' lang='lat' dir='ltr'>Apostolus</span> <span class='ocrx_word' id='word_1_124' title='bbox 1243 1539 1244 1542; x_wconf 72' lang='grc'>’</span> 
     </span>
     <span class='ocr_line' id='line_1_17' title="bbox 226 1619 1149 1718; baseline 0.005 -32"><span class='ocrx_word' id='word_1_125' title='bbox 226 1623 254 1718; x_wconf 88' lang='lat' dir='ltr'>(l</span> <span class='ocrx_word' id='word_1_126' title='bbox 283 1620 364 1698; x_wconf 79' lang='lat' dir='ltr'>Con,</span> <span class='ocrx_word' id='word_1_127' title='bbox 398 1621 430 1698; x_wconf 85' lang='lat'>9,</span> <span class='ocrx_word' id='word_1_128' title='bbox 462 1621 482 1688; x_wconf 86' lang='lat'>9</span> <span class='ocrx_word' id='word_1_129' title='bbox 506 1634 536 1686; x_wconf 85' lang='lat' dir='ltr'>et</span> <span class='ocrx_word' id='word_1_130' title='bbox 559 1626 640 1707; x_wconf 78' lang='lat' dir='ltr'>seq.)</span> <span class='ocrx_word' id='word_1_131' title='bbox 663 1622 788 1708; x_wconf 79' lang='lat' dir='ltr'>exponit</span> <span class='ocrx_word' id='word_1_132' title='bbox 810 1619 885 1692; x_wconf 92' lang='lat' dir='ltr'>illud</span> <span class='ocrx_word' id='word_1_133' title='bbox 920 1619 1149 1690; x_wconf 85' lang='lat' dir='ltr'>Deuteronomi</span> 
     </span>
     <span class='ocr_line' id='line_1_18' title="bbox 225 1708 1010 1801; baseline -0.005 -23"><span class='ocrx_word' id='word_1_134' title='bbox 225 1710 294 1801; x_wconf 57' lang='lat' dir='ltr'>(lb,</span> <span class='ocrx_word' id='word_1_135' title='bbox 307 1711 342 1793; x_wconf 81' lang='lat' dir='ltr'>d)</span> <span class='ocrx_word' id='word_1_136' title='bbox 358 1708 397 1775; x_wconf 92' lang='lat' dir='ltr'>de</span> <span class='ocrx_word' id='word_1_137' title='bbox 420 1731 484 1775; x_wconf 91' lang='lat' dir='ltr'>non</span> <span class='ocrx_word' id='word_1_138' title='bbox 506 1710 631 1796; x_wconf 78' lang='lat' dir='ltr'>ligando</span> <span class='ocrx_word' id='word_1_139' title='bbox 654 1730 709 1776; x_wconf 90' lang='lat' dir='ltr'>ore</span> <span class='ocrx_word' id='word_1_140' title='bbox 731 1710 818 1776; x_wconf 84' lang='lat' dir='ltr'>boris</span> <span class='ocrx_word' id='word_1_141' title='bbox 834 1709 1010 1776; x_wconf 88' lang='lat' dir='ltr'>triturantis.</span> 
     </span>
    </p>
   </div>
   <div class='ocr_carea' id='block_1_2' title="bbox 559 1859 1246 2024">
    <p class='ocr_par' dir='ltr' id='par_1_4' title="bbox 559 1859 1246 2024">
     <span class='ocr_line' id='line_1_19' title="bbox 559 1859 1246 2024; baseline 0 -70"><span class='ocrx_word' id='word_1_142' title='bbox 559 1885 686 1954; x_wconf 79' lang='lat' dir='ltr'>annor</span> <span class='ocrx_word' id='word_1_143' title='bbox 711 1859 814 1954; x_wconf 73' lang='lat' dir='ltr'>cxrrr&#39;.</span> <span class='ocrx_word' id='word_1_144' title='bbox 1245 1976 1246 2024; x_wconf 72' lang='lat' dir='ltr'>r</span> 
     </span>
    </p>
   </div>
   <div class='ocr_carea' id='block_1_3' title="bbox 271 2049 1150 2328">
    <p class='ocr_par' dir='ltr' id='par_1_5' title="bbox 271 2049 1150 2328">
     <span class='ocr_line' id='line_1_20' title="bbox 271 2049 1150 2150; baseline 0 -18"><span class='ocrx_word' id='word_1_145' title='bbox 271 2063 360 2146; x_wconf 86' lang='lat' dir='ltr'>Quod</span> <span class='ocrx_word' id='word_1_146' title='bbox 382 2064 550 2130; x_wconf 82' lang='lat' dir='ltr'>rationalia</span> <span class='ocrx_word' id='word_1_147' title='bbox 573 2075 717 2130; x_wconf 84' lang='lat' dir='ltr'>creatura</span> <span class='ocrx_word' id='word_1_148' title='bbox 738 2049 887 2150; x_wconf 79' lang='lat' dir='ltr'>diripitur</span> <span class='ocrx_word' id='word_1_149' title='bbox 902 2064 1150 2132; x_wconf 67' lang='lat' dir='ltr'>avennacum</span> 
     </span>
     <span class='ocr_line' id='line_1_21' title="bbox 311 2153 1149 2239; baseline 0 -19"><span class='ocrx_word' id='word_1_150' title='bbox 311 2166 409 2234; x_wconf 83' lang='lat' dir='ltr'>oclus,</span> <span class='ocrx_word' id='word_1_151' title='bbox 430 2175 493 2220; x_wconf 83' lang='lat' dir='ltr'>aon</span> <span class='ocrx_word' id='word_1_152' title='bbox 514 2153 614 2218; x_wconf 85' lang='lat' dir='ltr'>solum</span> <span class='ocrx_word' id='word_1_153' title='bbox 636 2155 803 2220; x_wconf 80' lang='lat' dir='ltr'>secuudum</span> <span class='ocrx_word' id='word_1_154' title='bbox 826 2154 967 2218; x_wconf 85' lang='lat' dir='ltr'>ordinem</span> <span class='ocrx_word' id='word_1_155' title='bbox 988 2155 1033 2220; x_wconf 88' lang='lat' dir='ltr'>ad</span> <span class='ocrx_word' id='word_1_156' title='bbox 1074 2176 1149 2239; x_wconf 78' lang='lat' dir='ltr'>ape·</span> 
     </span>
     <span class='ocr_line' id='line_1_22' title="bbox 312 2243 1124 2328; baseline -0.002 -16"><span class='ocrx_word' id='word_1_157' title='bbox 312 2247 399 2324; x_wconf 85' lang='lat' dir='ltr'>ciem,</span> <span class='ocrx_word' id='word_1_158' title='bbox 420 2243 476 2309; x_wconf 81' lang='lat' dir='ltr'>sed</span> <span class='ocrx_word' id='word_1_159' title='bbox 497 2243 663 2310; x_wconf 77' lang='lat' dir='ltr'>secundum</span> <span class='ocrx_word' id='word_1_160' title='bbox 685 2243 768 2328; x_wconf 85' lang='lat' dir='ltr'>quod</span> <span class='ocrx_word' id='word_1_161' title='bbox 789 2243 929 2328; x_wconf 83' lang='lat' dir='ltr'>couprut&#39;t</span> <span class='ocrx_word' id='word_1_162' title='bbox 951 2243 1124 2310; x_wconf 82' lang='lat' dir='ltr'>individuo.</span> 
     </span>
    </p>
   </div>
   <div class='ocr_carea' id='block_1_4' title="bbox 161 2418 1246 3579">
    <p class='ocr_par' dir='ltr' id='par_1_6' title="bbox 222 2418 1146 2774">
     <span class='ocr_line' id='line_1_23' title="bbox 290 2418 1146 2506; baseline 0.004 -20"><span class='ocrx_word' id='word_1_163' title='bbox 290 2421 332 2486; x_wconf 83' lang='lat' dir='ltr'>Er</span> <span class='ocrx_word' id='word_1_164' title='bbox 355 2420 414 2486; x_wconf 92' lang='lat' dir='ltr'>boc</span> <span class='ocrx_word' id='word_1_165' title='bbox 436 2433 539 2486; x_wconf 89' lang='lat' dir='ltr'>autem</span> <span class='ocrx_word' id='word_1_166' title='bbox 563 2432 690 2506; x_wconf 89' lang='lat' dir='ltr'>apparet</span> <span class='ocrx_word' id='word_1_167' title='bbox 712 2418 795 2506; x_wconf 90' lang='lat' dir='ltr'>quod</span> <span class='ocrx_word' id='word_1_168' title='bbox 808 2419 1039 2487; x_wconf 84' lang='lat' dir='ltr'>solaratioualis</span> <span class='ocrx_word' id='word_1_169' title='bbox 1055 2441 1146 2490; x_wconf 82' lang='lat' dir='ltr'>crea·</span> 
     </span>
     <span class='ocr_line' id='line_1_24' title="bbox 224 2508 1145 2594; baseline 0.003 -18"><span class='ocrx_word' id='word_1_170' title='bbox 224 2525 292 2577; x_wconf 87' lang='lat' dir='ltr'>tura</span> <span class='ocrx_word' id='word_1_171' title='bbox 315 2509 458 2594; x_wconf 81' lang='lat' dir='ltr'>dirigitur</span> <span class='ocrx_word' id='word_1_172' title='bbox 481 2531 498 2574; x_wconf 90' lang='lat' dir='ltr'>a</span> <span class='ocrx_word' id='word_1_173' title='bbox 521 2509 588 2574; x_wconf 89' lang='lat' dir='ltr'>Deo</span> <span class='ocrx_word' id='word_1_174' title='bbox 611 2508 651 2574; x_wconf 86' lang='lat' dir='ltr'>ad</span> <span class='ocrx_word' id='word_1_175' title='bbox 673 2530 746 2574; x_wconf 91' lang='lat' dir='ltr'>suos</span> <span class='ocrx_word' id='word_1_176' title='bbox 768 2522 864 2588; x_wconf 89' lang='lat' dir='ltr'>actus,</span> <span class='ocrx_word' id='word_1_177' title='bbox 888 2530 950 2576; x_wconf 92' lang='lat' dir='ltr'>non</span> <span class='ocrx_word' id='word_1_178' title='bbox 965 2510 1067 2576; x_wconf 91' lang='lat' dir='ltr'>solum</span> <span class='ocrx_word' id='word_1_179' title='bbox 1088 2532 1145 2579; x_wconf 84' lang='lat' dir='ltr'>se·</span> 
     </span>
     <span class='ocr_line' id='line_1_25' title="bbox 222 2597 1146 2685; baseline 0.002 -19"><span class='ocrx_word' id='word_1_180' title='bbox 222 2597 360 2666; x_wconf 90' lang='lat' dir='ltr'>eundum</span> <span class='ocrx_word' id='word_1_181' title='bbox 382 2599 616 2682; x_wconf 71' lang='lat' dir='ltr'>congruentiam</span> <span class='ocrx_word' id='word_1_182' title='bbox 640 2598 764 2685; x_wconf 89' lang='lat' dir='ltr'>speciei,</span> <span class='ocrx_word' id='word_1_183' title='bbox 786 2597 841 2664; x_wconf 86' lang='lat' dir='ltr'>aed</span> <span class='ocrx_word' id='word_1_184' title='bbox 863 2598 1146 2668; x_wconf 87' lang='lat' dir='ltr'>etiamsecuudum</span> 
     </span>
     <span class='ocr_line' id='line_1_26' title="bbox 222 2686 946 2774; baseline -0.012 -18"><span class='ocrx_word' id='word_1_185' title='bbox 222 2689 457 2774; x_wconf 84' lang='lat' dir='ltr'>congruentiam</span> <span class='ocrx_word' id='word_1_186' title='bbox 481 2686 639 2754; x_wconf 76' lang='lat' dir='ltr'>individui.</span> <span class='ocrx_word' id='word_1_187' title='bbox 942 2714 946 2722; x_wconf 91' lang='lat'><strong>·</strong></span> 
     </span>
    </p>

    <p class='ocr_par' dir='ltr' id='par_1_7' title="bbox 161 2775 1246 3579">
     <span class='ocr_line' id='line_1_27' title="bbox 288 2775 1147 2862; baseline 0.001 -19"><span class='ocrx_word' id='word_1_188' title='bbox 288 2775 398 2844; x_wconf 85' lang='lat' dir='ltr'>Omnis</span> <span class='ocrx_word' id='word_1_189' title='bbox 421 2776 505 2844; x_wconf 84' lang='lat' dir='ltr'>enim</span> <span class='ocrx_word' id='word_1_190' title='bbox 529 2795 577 2844; x_wconf 86' lang='lat' dir='ltr'>tes</span> <span class='ocrx_word' id='word_1_191' title='bbox 601 2785 725 2862; x_wconf 91' lang='lat' dir='ltr'>propter</span> <span class='ocrx_word' id='word_1_192' title='bbox 740 2795 829 2842; x_wconf 87' lang='lat' dir='ltr'>suam</span> <span class='ocrx_word' id='word_1_193' title='bbox 845 2776 1056 2862; x_wconf 84' lang='lat' dir='ltr'>operationem</span> <span class='ocrx_word' id='word_1_194' title='bbox 1071 2797 1147 2844; x_wconf 84' lang='lat' dir='ltr'>esse</span> 
     </span>
     <span class='ocr_line' id='line_1_28' title="bbox 222 2863 1144 2952; baseline 0.003 -22"><span class='ocrx_word' id='word_1_195' title='bbox 222 2866 354 2944; x_wconf 67' lang='lat' dir='ltr'>videtum</span> <span class='ocrx_word' id='word_1_196' title='bbox 376 2866 515 2952; x_wconf 88' lang='lat' dir='ltr'>operatio</span> <span class='ocrx_word' id='word_1_197' title='bbox 537 2864 621 2930; x_wconf 86' lang='lat' dir='ltr'>enim</span> <span class='ocrx_word' id='word_1_198' title='bbox 644 2877 689 2928; x_wconf 82' lang='lat' dir='ltr'>eat</span> <span class='ocrx_word' id='word_1_199' title='bbox 712 2863 820 2930; x_wconf 88' lang='lat' dir='ltr'>ultima</span> <span class='ocrx_word' id='word_1_200' title='bbox 842 2863 988 2949; x_wconf 79' lang='lat' dir='ltr'>pertento</span> <span class='ocrx_word' id='word_1_201' title='bbox 1010 2867 1065 2932; x_wconf 86' lang='lat' dir='ltr'>rei.</span> <span class='ocrx_word' id='word_1_202' title='bbox 1088 2866 1144 2934; x_wconf 87' lang='lat' dir='ltr'>Sic</span> 
     </span>
     <span class='ocr_line' id='line_1_29' title="bbox 222 2951 1143 3042; baseline 0.001 -21"><span class='ocrx_word' id='word_1_203' title='bbox 222 2956 316 3042; x_wconf 78' lang='lat' dir='ltr'>igitur</span> <span class='ocrx_word' id='word_1_204' title='bbox 339 2953 584 3042; x_wconf 87' lang='lat' dir='ltr'>unumquodque</span> <span class='ocrx_word' id='word_1_205' title='bbox 607 2974 625 3018; x_wconf 89' lang='lat' dir='ltr'>a</span> <span class='ocrx_word' id='word_1_206' title='bbox 648 2951 716 3018; x_wconf 86' lang='lat' dir='ltr'>Deo</span> <span class='ocrx_word' id='word_1_207' title='bbox 740 2953 779 3018; x_wconf 89' lang='lat' dir='ltr'>ad</span> <span class='ocrx_word' id='word_1_208' title='bbox 801 2973 893 3020; x_wconf 92' lang='lat' dir='ltr'>suum</span> <span class='ocrx_word' id='word_1_209' title='bbox 916 2969 1016 3022; x_wconf 87' lang='lat' dir='ltr'>actum</span> <span class='ocrx_word' id='word_1_210' title='bbox 1055 2956 1143 3022; x_wconf 91' lang='lat' dir='ltr'>ordi-</span> 
     </span>
     <span class='ocr_line' id='line_1_30' title="bbox 221 3041 1141 3128; baseline 0.004 -18"><span class='ocrx_word' id='word_1_211' title='bbox 221 3059 313 3110; x_wconf 92' lang='lat' dir='ltr'>natur</span> <span class='ocrx_word' id='word_1_212' title='bbox 335 3044 508 3110; x_wconf 86' lang='lat' dir='ltr'>secundum</span> <span class='ocrx_word' id='word_1_213' title='bbox 531 3041 615 3128; x_wconf 87' lang='lat' dir='ltr'>quod</span> <span class='ocrx_word' id='word_1_214' title='bbox 638 3041 762 3108; x_wconf 89' lang='lat' dir='ltr'>divinae</span> <span class='ocrx_word' id='word_1_215' title='bbox 779 3041 988 3128; x_wconf 81' lang='lat' dir='ltr'>prouidentiae</span> <span class='ocrx_word' id='word_1_216' title='bbox 1010 3044 1141 3114; x_wconf 81' lang='lat' dir='ltr'>substat.</span> 
     </span>
     <span class='ocr_line' id='line_1_31' title="bbox 161 3128 1142 3216; baseline 0.001 -16"><span class='ocrx_word' id='word_1_217' title='bbox 161 3203 163 3210; x_wconf 83' lang='lat'>.</span> <span class='ocrx_word' id='word_1_218' title='bbox 221 3132 368 3200; x_wconf 87' lang='lat' dir='ltr'>Creatura</span> <span class='ocrx_word' id='word_1_219' title='bbox 391 3145 495 3201; x_wconf 84' lang='lat' dir='ltr'>autem</span> <span class='ocrx_word' id='word_1_220' title='bbox 517 3131 673 3200; x_wconf 88' lang='lat' dir='ltr'>rationalia</span> <span class='ocrx_word' id='word_1_221' title='bbox 695 3128 813 3198; x_wconf 85' lang='lat' dir='ltr'>divinas</span> <span class='ocrx_word' id='word_1_222' title='bbox 836 3131 1044 3216; x_wconf 81' lang='lat' dir='ltr'>providentiae</span> <span class='ocrx_word' id='word_1_223' title='bbox 1065 3134 1142 3201; x_wconf 88' lang='lat' dir='ltr'>sub·</span> 
     </span>
     <span class='ocr_line' id='line_1_32' title="bbox 220 3219 1141 3309; baseline -0.001 -20"><span class='ocrx_word' id='word_1_224' title='bbox 220 3235 279 3289; x_wconf 88' lang='lat' dir='ltr'>stat</span> <span class='ocrx_word' id='word_1_225' title='bbox 301 3221 379 3290; x_wconf 87' lang='lat' dir='ltr'>sieut</span> <span class='ocrx_word' id='word_1_226' title='bbox 401 3219 573 3288; x_wconf 88' lang='lat' dir='ltr'>secundum</span> <span class='ocrx_word' id='word_1_227' title='bbox 595 3240 629 3285; x_wconf 91' lang='lat' dir='ltr'>se</span> <span class='ocrx_word' id='word_1_228' title='bbox 651 3219 822 3304; x_wconf 77' lang='lat' dir='ltr'>gubernata</span> <span class='ocrx_word' id='word_1_229' title='bbox 845 3233 875 3284; x_wconf 89' lang='lat' dir='ltr'>et</span> <span class='ocrx_word' id='word_1_230' title='bbox 905 3222 1037 3309; x_wconf 82' lang='lat' dir='ltr'>provisa,</span> <span class='ocrx_word' id='word_1_231' title='bbox 1074 3243 1141 3290; x_wconf 86' lang='lat' dir='ltr'>nou</span> 
     </span>
     <span class='ocr_line' id='line_1_33' title="bbox 221 3309 1141 3398; baseline 0.001 -21"><span class='ocrx_word' id='word_1_232' title='bbox 221 3311 323 3377; x_wconf 91' lang='lat' dir='ltr'>solum</span> <span class='ocrx_word' id='word_1_233' title='bbox 347 3323 472 3398; x_wconf 89' lang='lat' dir='ltr'>propter</span> <span class='ocrx_word' id='word_1_234' title='bbox 494 3311 640 3396; x_wconf 89' lang='lat' dir='ltr'>speeiem,</span> <span class='ocrx_word' id='word_1_235' title='bbox 665 3322 697 3374; x_wconf 88' lang='lat' dir='ltr'>ut</span> <span class='ocrx_word' id='word_1_236' title='bbox 720 3309 797 3374; x_wconf 91' lang='lat' dir='ltr'>aliae</span> <span class='ocrx_word' id='word_1_237' title='bbox 819 3309 1032 3397; x_wconf 91' lang='lat' dir='ltr'>corruptibiles</span> <span class='ocrx_word' id='word_1_238' title='bbox 1053 3332 1141 3378; x_wconf 88' lang='lat' dir='ltr'>erea-</span> 
     </span>
     <span class='ocr_line' id='line_1_34' title="bbox 221 3397 1246 3484; baseline 0.001 -18"><span class='ocrx_word' id='word_1_239' title='bbox 221 3415 320 3475; x_wconf 86' lang='lat' dir='ltr'>turae,</span> <span class='ocrx_word' id='word_1_240' title='bbox 356 3401 429 3484; x_wconf 88' lang='lat' dir='ltr'>quia</span> <span class='ocrx_word' id='word_1_241' title='bbox 466 3397 658 3463; x_wconf 86' lang='lat' dir='ltr'>individuum</span> <span class='ocrx_word' id='word_1_242' title='bbox 697 3397 781 3484; x_wconf 89' lang='lat' dir='ltr'>quod</span> <span class='ocrx_word' id='word_1_243' title='bbox 817 3398 1009 3482; x_wconf 75' lang='lat' dir='ltr'>gubernatur</span> <span class='ocrx_word' id='word_1_244' title='bbox 1036 3400 1140 3468; x_wconf 87' lang='lat' dir='ltr'>solum</span> <span class='ocrx_word' id='word_1_245' title='bbox 1245 3449 1246 3452; x_wconf 63' lang='lat'>,</span> 
     </span>
     <span class='ocr_line' id='line_1_35' title="bbox 222 3485 1143 3579; baseline 0.004 -27"><span class='ocrx_word' id='word_1_246' title='bbox 222 3501 347 3574; x_wconf 87' lang='lat' dir='ltr'>propter</span> <span class='ocrx_word' id='word_1_247' title='bbox 370 3487 506 3572; x_wconf 84' lang='lat' dir='ltr'>speciem</span> <span class='ocrx_word' id='word_1_248' title='bbox 530 3506 594 3552; x_wconf 94' lang='lat' dir='ltr'>non</span> <span class='ocrx_word' id='word_1_249' title='bbox 616 3485 806 3572; x_wconf 74' lang='lat' dir='ltr'>gubernatur·</span> <span class='ocrx_word' id='word_1_250' title='bbox 843 3501 970 3576; x_wconf 90' lang='lat' dir='ltr'>propter</span> <span class='ocrx_word' id='word_1_251' title='bbox 990 3489 1143 3579; x_wconf 85' lang='lat' dir='ltr'>seipsum,</span> 
     </span>
    </p>
   </div>
   <div class='ocr_carea' id='block_1_5' title="bbox 0 0 1262 3972">
    <p class='ocr_par' dir='ltr' id='par_1_8' title="bbox 0 0 1262 3972">
     <span class='ocr_line' id='line_1_36' title="bbox 0 0 1262 3972; baseline 0 1"><span class='ocrx_word' id='word_1_252' title='bbox 0 0 1262 3972; x_wconf 95' lang='lat' dir='ltr'> </span> 
     </span>
    </p>
   </div>
  </div>
 </body>
</html>
