2462 3968
343 259 399 304 uro.
423 259 463 304 ru.
488 258 551 304 cac.
575 259 692 304 cxxxiv.
928 239 994 308 tta

88 331 203 407 tiorem3
227 349 299 398 narn
334 347 443 393 sensus
466 328 607 402 exterior,
631 327 683 414 qui
707 323 808 394 solum
846 329 998 414 imagines

84 439 246 507 corporum
271 416 388 505 recipit,
422 415 461 480 ad
495 415 648 504 praedicta
687 436 720 482 se
755 435 816 480 non
851 419 997 487 extendit.

84 507 197 576 Omnes
221 520 327 572 autem·
348 517 511 591 sequentes
541 505 727 592 philosophi,
768 503 955 574 intellectum
980 529 997 572 a

83 617 171 665 sensu
196 597 416 668 discernentem
439 614 563 662 oausam
599 607 722 661 nostrae
756 593 912 674 scientiae,
936 617 999 662 non

82 687 231 772 aliquibus
253 682 445 771 corporibus,
483 683 538 751 sed
561 683 654 753 rebus
675 681 930 752 immaterialibus
954 699 999 748 at·

83 775 264 852 tribuerunt
287 773 363 843 sicut
386 772 472 840 Plato
496 772 596 857 posuit
628 770 679 858 (l)
717 791 841 838 causam
875 785 999 838 nostrae

82 864 226 932 scientiae
249 883 317 930 essa
341 861 436 940 ideas,
459 860 634 928 Aristoteles
658 875 760 929 autem
788 861 854 947 (de
878 861 1000 941 Anima,

83 953 111 1032 5,
134 966 206 1020 text.
230 972 343 1022 comm.
369 951 435 1035 ll)
459 949 647 1022 intellectum
665 962 819 1036 agentem.

146 1042 189 1108 Ex
214 1042 261 1112 iris
285 1039 429 1112 oimnibus
454 1051 499 1108 est
522 1038 660 1125 accipere
684 1039 767 1124 quod
790 1059 906 1123 ponera
930 1041 1009 1106 cor-'

84 1151 156 1215 pora
181 1130 323 1201 coelestio
348 1149 415 1194 esse
438 1148 562 1195 causam
600 1127 690 1195 nobis
728 1127 918 1211 intelligendi
953 1143 1000 1196 est

83 1239 273 1306 consequeus
296 1217 472 1304 opinionem
497 1236 605 1282 eorum
630 1216 682 1302 qui
717 1216 873 1302 ponebant
910 1217 999 1287 intel-

82 1307 193 1378 lectum
218 1327 344 1376 asensu
369 1327 430 1374 non
455 1303 590 1382 distorre,
628 1320 661 1370 ut
698 1317 780 1391 patet
817 1305 908 1374 etiem
944 1327 1000 1392 pac

82 1397 273 1468 Aristotelem
297 1394 363 1482 (de
386 1394 530 1480 torma).
566 1394 650 1464 liano
684 1394 861 1480 opinionem
901 1396 1007 1482 mani-p

82 1483 194 1553 festum
219 1498 265 1552 est
287 1505 355 1553 esse
377 1483 496 1552 falsam.
528 1483 621 1567 igitur
660 1481 855 1549 manifestum
891 1495 937 1550 est
970 1499 1001 1550 et

83 1593 150 1639 eam
173 1573 361 1646 asselalsam
391 1591 470 1658 quae
487 1574 571 1658 ponit
587 1593 716 1658 corpora
755 1571 897 1642 caelestia
933 1593 1000 1640 csse

83 1663 168 1729 nobis
192 1683 316 1733 causam
340 1660 529 1745 intelligendi
564 1661 687 1726 directe.

146 1751 225 1821 ilinc
248 1765 292 1816 est
316 1749 398 1837 quod
422 1769 507 1820 saura
536 1748 692 1834 Scriptura
729 1767 853 1816 causam
877 1763 1000 1816 nostrae

85 1838 302 1922 intelligentiae
324 1839 469 1916 attribuit,
492 1859 555 1904 non
578 1837 667 1904 alicui
691 1837 822 1922 corpori,
845 1837 900 1902 sed
923 1838 1002 1906 Deo:

91 1927 145 1992 Ubi
167 1940 212 2014 est
237 1929 393 2012 Deo-aqui
415 1929 487 2012 [ecit
509 1948 567 2006 ane,
590 1929 641 2011 qtti
675 1927 761 1991 dedit
794 1929 936 1993 corotico
969 1931 1002 1994 in

85 2030 177 2096 trocte3
201 2019 254 2103 qui
276 2019 364 2082 docet
384 2038 441 2081 nos
463 2037 556 2100 saper
570 2018 712 2100 jumento
738 2026 849 2094 terrac,
864 2028 894 2081 et
908 2038 1001 2100 super

85 2107 221 2172 volueres
243 2107 322 2170 coeli
345 2107 449 2175 erudit
468 2105 541 2172 not?
562 2105 620 2175 tob
643 2105 698 2184 ab,
730 2103 841 2181 tuln
875 2117 914 2170 et:
943 2106 1002 2186 Qut

86 2194 170 2260 docet
195 2195 347 2260 bominem
372 2195 547 2260 retractant
571 2193 695 2272 Psalm,
718 2192 771 2270 95,
796 2191 847 2257 lli.

148 2283 316 2352 Sciendum
340 2297 385 2353 ast
410 2297 512 2352 tamen
535 2281 629 2368 quod,
658 2282 728 2356 lieet
766 2301 896 2367 corpora
935 2301 1004 2348 oae-

84 2372 166 2438 lestia
191 2373 306 2438 directa
329 2373 547 2457 intelligentiae
564 2383 693 2437 nostrae
716 2389 827 2438 causae
850 2390 1002 2436 essenon

84 2463 211 2550 possint,
234 2461 348 2548 aliquid
374 2475 475 2527 tamen
500 2459 538 2524 ad
562 2459 621 2524 hoc
645 2471 814 2545 operantur
843 2459 1002 2525 indirecte.

84 2551 166 2618 Licet
189 2550 271 2618 enirn
295 2551 469 2618 intellectus
493 2549 616 2622 nonsit
644 2549 739 2616 virtus
777 2568 936 2634 corporea,
960 2563 1004 2614 ta·
1045 2605 1048 2610 ,

85 2640 210 2704 manin
245 2637 335 2710 nobis
372 2639 544 2706 intellectus
582 2637 719 2723 operatio
752 2636 901 2722 compleri
939 2659 1003 2704 non

86 2741 182 2810 potest
204 2727 270 2792 sine
294 2728 473 2813 operatione
495 2727 642 2791 uirtutum
666 2745 899 2811 corporearum,
922 2747 1003 2811 quae

86 2829 155 2881 sunt
178 2815 357 2900 imaginatio
380 2828 410 2880 et
433 2817 477 2880 uis
501 2816 701 2883 memorativa
729 2826 760 2881 et
776 2813 948 2898 cogitativa,
971 2827 1005 2879 ut

88 2904 383 2991 exsuperioribus(
408 2903 427 2969 l.
453 2904 485 2978 l,
523 2902 635 2988 cib)
664 2913 757 2990 patet;
792 2914 822 2970 et
857 2900 930 2968 inde
959 2915 1006 2968 est

88 2993 179 3076 quod,
202 2992 357 3078 impeditis
380 2992 490 3058 barum
514 2991 660 3058 virtutum
677 2988 909 3076 operationibus
933 3011 1006 3074 pro-

89 3092 154 3164 pter
185 3080 318 3167 aliquam
355 3080 619 3167 indispositionem
655 3079 803 3164 corporis,
840 3077 1007 3164 impeditur

90 3171 225 3254 operatio
250 3169 433 3241 intellectus,
458 3169 534 3238 sicut
561 3181 645 3254 patet
682 3169 713 3235 in
751 3167 940 3254 phreneticis
978 3181 1008 3233 et

89 3253 261 3344 lethargicis
284 3271 314 3324 et
336 3255 402 3322 aliis
425 3256 614 3342 hujusmodi,
629 3267 660 3321 et
682 3269 808 3342 proptor
832 3255 890 3320 boc
914 3255 1006 3322 etiam

89 3342 206 3412 bonitas
229 3346 435 3433 dispositionis
459 3346 596 3433 corporis
630 3345 757 3416 humani
793 3343 864 3410 lacit
899 3357 1006 3431 aptum

92 3433 128 3497 ad
153 3434 232 3500 bene
255 3434 503 3522 intelligendum,
524 3435 707 3521 inquantum
731 3453 767 3499 ox
792 3432 852 3500 boc
884 3435 1006 3522 praedi-

140 3539 177 3608 (l)
195 3537 226 3594 ln
247 3540 411 3606 Parmenide,
429 3539 534 3596 Timaeo
552 3547 578 3595 el
595 3542 627 3595 dc
644 3541 707 3612 llep.
731 3541 750 3595 1.
768 3537 794 3593 7.
