2514 3972
270 307 274 312 Ι
425 241 481 290 tro.
506 243 548 288 ιιι.
571 243 636 290 ern.
660 243 725 292 err.
971 225 1037 294 oet

118 310 263 400 sequitur
285 310 368 400 quod
392 333 409 378 a
431 313 581 399 superiori
603 312 695 378 suerit
718 313 900 400 dispositum
941 317 1041 401 magis

121 414 170 468 est
190 399 329 468 minister
351 421 444 489 quam
468 403 622 468 domiuus.
657 403 742 469 Deus
765 417 881 482 autam,
919 405 972 489 qui
995 419 1042 471 est

120 509 282 556 summurn
305 511 410 558 rerum
433 491 630 578 principium,
666 511 722 578 per
759 512 849 558 suaru
878 492 1041 580 prouiden-

124 580 198 644 tiam
222 579 327 646 omnia
350 580 389 646 ad
424 579 542 645 debitas
567 583 701 647 actiones
724 581 871 667 disponit,
894 595 1041 668 utsupra

122 669 166 753 (c.
189 667 246 747 64)
270 682 428 735 ostensum
451 683 507 746 est;
529 670 622 749 uude,
650 670 681 734 in
704 689 789 734 sacra
821 669 989 755 Scriptura,
1011 685 1042 736 et

123 757 232 842 angeli
254 772 285 822 et
318 760 476 845 superiora
514 778 643 845 corpora
679 759 852 838 ministrare
886 760 1041 837 dicuntur,

123 858 155 911 et
184 845 263 924 Deo,
285 845 372 932 cujus
394 847 602 931 ordinationes
625 862 830 934 exequuntur,
852 862 883 913 et
898 847 997 926 nobis,
1009 847 1041 912 in

123 954 258 1020 quorum
282 936 443 1002 utilitatem
466 937 602 1001 actiones
625 956 733 1002 eorum
757 937 950 1024 proveniunt.
974 936 1042 1002 Non

118 1035 171 1088 est
192 1023 286 1109 igitur
307 1024 406 1090 cuitus
430 1025 545 1101 latriae3
569 1025 621 1112 qui
644 1045 768 1091 sununo
790 1025 920 1091 debetur
935 1025 1043 1092 Domi·

118 1131 177 1192 ruo,
199 1112 393 1180 exhibendus
416 1114 474 1179 uisi
496 1133 620 1179 summo
642 1135 746 1179 rerum
771 1115 930 1202 principio.

118 1237 122 1244 ·
190 1201 277 1280 item,
300 1201 462 1268 lateralia
486 1221 565 1288 quae
588 1203 626 1268 ad
651 1203 771 1268 iatrianr
795 1207 958 1290 pertinent,
977 1204 1042 1268 sin·

122 1290 230 1375 gulare
253 1292 374 1356 videtur
396 1312 464 1358 esse
486 1290 682 1370 sacr-ilicium3
711 1312 783 1357 nom
796 1291 1039 1377 genuflexiones,

125 1381 343 1466 prostrationes
378 1395 407 1446 et
440 1380 499 1445 alia
536 1378 713 1465 hujusmodi
749 1381 877 1448 honoris
916 1381 1039 1460 iudicia,

122 1468 217 1534 etium
241 1469 418 1535 hominibus
440 1469 580 1536 exhiberi
604 1481 742 1556 possunt,
765 1469 836 1535 lieet
858 1469 916 1536 alia
938 1471 1039 1536 inten-

122 1555 207 1622 tione
230 1577 323 1644 quam
346 1559 424 1636 De03
447 1557 633 1623 sacrificium
655 1571 758 1624 auteur
781 1559 885 1624 nullus
909 1558 1039 1624 offeren-

122 1644 198 1712 dum
222 1647 341 1712 censuit
364 1647 466 1726 alicui,
489 1647 546 1712 nisi
570 1647 726 1732 quiaeutn
743 1647 843 1712 Deum
868 1648 1039 1716 aestimavit

123 1747 178 1800 aut
199 1735 362 1800 aestimare
385 1757 419 1802 se
442 1737 537 1802 finxit.
562 1736 699 1800 Exterius
722 1751 827 1802 autern
850 1737 1039 1804 sacrificiunt

122 1825 417 1910 repraesentativum
441 1839 488 1890 est
509 1825 663 1890 interioris
687 1829 749 1890 reri
766 1824 918 1904 sacrificii,
929 1843 1039 1890 secun·

122 1911 198 1978 dum
222 1913 305 2000 quod
330 1933 418 1980 mens
440 1915 577 1980 {romana
600 1916 733 2000 seipsam
750 1913 927 1980 Decoiiert.
943 1911 1039 1980 Oiiert

120 2014 392 2094 amensamens
414 2017 517 2068 nostra
533 2002 611 2078 Deo,
627 2002 752 2068 sicilicet
763 2003 848 2090 quasi
864 2023 939 2069 sune
955 2023 1040 2068 creu-
1063 2071 1065 2075 ,
1153 2043 1155 2048 -

118 2090 213 2156 tionis
225 2091 385 2178 principio,
401 2095 487 2178 quasi
503 2111 578 2156 suae
595 2091 784 2177 operationis
800 2093 929 2171 auctori,
952 2095 1040 2178 quasi

119 2199 196 2244 suae
225 2180 421 2246 beatitudinis
444 2181 508 2255 fini;
532 2179 737 2266 quecquidern
762 2182 949 2246 conveniunt
982 2180 1038 2246 soii

120 2287 248 2334 surnmo
271 2289 375 2334 rerum
400 2267 559 2355 principio.
583 2266 751 2334 Ostensunr
767 2283 927 2334 estoutem
943 2289 1035 2356 supra

120 2357 158 2441 (l.
183 2357 215 2437 ἢ,
237 2377 263 2422 c.
288 2359 346 2444 77)
369 2357 453 2444 quod
476 2357 598 2422 animae
620 2357 777 2422 rationalis
800 2377 891 2424 eausa
907 2359 1037 2424 creatrix

120 2444 206 2513 solus
228 2445 312 2512 Deus
335 2466 477 2513 summus
499 2460 555 2525 est;
577 2447 642 2532 ipse
664 2446 748 2510 enim
782 2446 865 2513 solus
903 2447 1038 2513 hominis

119 2533 311 2601 roluntatern
336 2548 434 2624 potest
456 2535 603 2600 inclinare
626 2533 665 2598 ad
689 2534 907 2622 quodcumque
931 2537 1036 2602 roluc-

120 2623 171 2702 rit,
194 2637 342 2712 utsupra
366 2629 406 2707 (e.
431 2623 473 2690 62
504 2638 535 2690 et
570 2623 628 2708 89)
662 2638 820 2688 ostensum
860 2637 915 2689 est.
951 2625 1036 2690 Patet

119 2715 215 2778 etiarn
238 2731 276 2778 ex
299 2713 509 2800 superioribus
531 2713 615 2798 quod
638 2712 669 2776 in
693 2710 760 2797 ejus
782 2711 876 2778 solius
892 2712 1037 2778 fruitione

122 2801 230 2870 ultima
253 2802 387 2868 hominis
409 2802 547 2868 consistit
568 2800 707 2868 felicitas.
730 2799 793 2867 Soli
808 2802 899 2885 igitur
914 2820 1038 2867 summo

120 2889 321 2956 Deohomo
358 2890 542 2956 saeriiieiurn
581 2903 611 2954 et
646 2889 752 2954 latriae
785 2890 902 2955 cultum
926 2889 1037 2956 offerre

118 2979 226 3059 debet,
250 2999 312 3045 non
336 2994 439 3046 autern
462 2977 641 3045 substantiis
664 2977 910 3065 quibuscumque
947 2979 1037 3066 spiri.

120 3067 265 3136 tualibus.
354 3090 359 3106 ·

188 3155 272 3222 Licet
293 3167 396 3222 autem
421 3155 532 3243 positio
554 3173 634 3242 quae
657 3155 744 3243 ponit
766 3155 866 3222 Deum
879 3175 1037 3224 summunt

118 3265 184 3311 nou
207 3265 276 3312 esse
299 3244 383 3310 aliud
407 3264 500 3330 quam
524 3245 660 3310 animam
683 3246 791 3310 muudi
818 3246 956 3329 aragiso
987 3265 1037 3310 re-

119 3336 210 3400 ritate
247 3334 382 3412 recedat,
415 3347 449 3399 ut
485 3353 577 3420 supra
613 3347 772 3398 ostensum
809 3347 866 3409 est,
889 3335 941 3399 ilia
965 3353 1038 3399 reru

119 3441 201 3510 quae
224 3425 312 3510 ponit
335 3422 435 3488 Deum
458 3437 633 3509 separatum
658 3441 726 3488 esse
749 3425 779 3488 et¹
802 3423 842 3488 ab
873 3423 940 3512 ipso
977 3426 1039 3508 eti·

119 3527 201 3580 sterc
224 3532 334 3583 ontnes
357 3510 891 3594 ullus‚intellectualessubstautias,
914 3513 1037 3602 siresc·
