2500 3964
439 244 495 289 tta.
521 245 563 290 tu.
587 242 651 289 aar.
675 242 738 288 cuv.
977 219 1052 286 llb'

124 312 156 377 iu
181 312 316 399 qualibet
339 311 535 392 revelatione,
570 332 651 378 noto
687 310 804 378 lamiae
842 309 1044 388 illustramur,

122 415 152 466 et
175 402 207 467 iu
229 401 364 489 qualibet
386 401 609 468 miraculorum
631 401 822 488 operatione,
843 411 967 491 oportet
987 397 1042 464 ad·

122 509 191 556 esse
213 509 325 558 uotam
349 489 515 558 efficaciam
540 490 662 556 maluae
693 489 822 556 uirtutis.

432 627 620 696 CAPUT
655 627 737 698 ctv'.

281 752 371 834 Quod
393 753 482 818 tom
505 752 623 839 tottam
649 754 754 818 diuino
772 753 892 820 attaeilt'o

345 843 388 908 ad
407 835 670 927 perseuerandum
686 844 719 908 io
736 842 823 909 boum

189 1019 310 1105 lodigtrt
330 1019 424 1085 etiam
447 1020 544 1087 loom
569 1020 694 1086 diuinae
714 1021 831 1107 gratiae
853 1019 966 1086 auxilio
1004 1018 1044 1086 ad

124 1109 185 1176 boo
209 1109 292 1195 quot
315 1111 547 1196 perseveratio
571 1110 664 1176 bono.

191 1197 294 1264 Omne
316 1198 401 1263 euim
423 1199 510 1284 qaod
533 1199 573 1264 da
594 1219 628 1264 ae
651 1210 696 1263 ost
719 1197 876 1277 variabile,
907 1198 946 1264 ad
985 1197 1045 1265 boo

123 1287 209 1374 quod
232 1287 343 1372 ligatur
367 1288 398 1351 in
424 1308 487 1352 uuo
510 1289 626 1373 indiget
649 1287 761 1352 auxilio
777 1287 1045 1373 ottoojasmooeo-

123 1374 163 1442 tia
184 1375 363 1442 immobilia.
387 1376 487 1442 llono
525 1391 629 1442 autem
668 1377 823 1442 variabilia
859 1390 907 1442 est
941 1392 972 1443 et
1005 1376 1045 1441 tle

122 1465 207 1532 malo
230 1465 263 1530 iu
286 1464 408 1529 bouum
427 1477 459 1528 et
480 1465 519 1530 tle
543 1466 627 1532 borro
650 1466 682 1530 iu
706 1465 833 1530 malum.
856 1464 973 1532 tuboe
989 1464 1045 1551 igi·

122 1569 174 1621 tor
198 1553 282 1639 quod
305 1553 510 1620 immobiliter
530 1568 709 1640 perseveret
729 1555 760 1619 in
783 1556 867 1620 bauo
890 1554 974 1642 qnod
997 1567 1044 1620 ast

73 1759 79 1770 ·
125 1641 474 1808 perpeslpruappeffiogffipit
491 1643 831 1832 gpgptoexugpdnipffl
868 1730 957 1797 libari
995 1751 1045 1796 ar·

124 1819 206 1886 bitrii
230 1819 348 1905 indiget
370 1819 466 1885 bomo
487 1821 602 1886 auxilio
624 1820 746 1886 diurnae
769 1820 894 1905 gratiae.
907 1819 969 1886 Sed
986 1819 1044 1886 tir·

125 1923 175 1975 tus
197 1908 286 1976 liberi
307 1907 424 1974 arbitrii
448 1929 512 1975 nou
535 1931 568 1976 ae
590 1909 726 1975 ertemlit
749 1909 883 1975 ad-bono
899 1907 1045 1976 ellectum

124 2017 179 2153 a
200 1997 1046 2188 attumulaturbttuatur

123 2194 206 2262 quae
227 2175 284 2240 sub
308 2175 459 2240 eleettone
481 2175 604 2252 cadunt
628 2175 711 2258 quoti
736 2189 849 2240 autem,
865 2175 987 2260 eligitur
1000 2187 1049 2240 est

124 2263 253 2350 aliquod
288 2263 472 2350 particulare
510 2263 679 2350 operabile;
717 2262 902 2348 particulare
939 2275 1044 2329 autem

125 2352 285 2440 operabile
306 2366 351 2417 est
373 2351 456 2437 quod
479 2366 525 2417 eat
548 2353 599 2417 bio
635 2364 666 2416 et
701 2371 794 2430 nuum
833 2351 917 2437 quod
950 2352 1044 2438 igitur

126 2441 209 2508 eadit
228 2441 287 2506 sub
311 2453 459 2526 potestate
481 2440 570 2506 liberi
594 2439 711 2506 arbitrii
732 2453 779 2505 em
790 2439 904 2526 aliquid
917 2453 951 2506 ut
962 2461 1045 2507 nuno
1096 2469 1097 2476 ¹

126 2529 330 2618 operantium3
355 2549 552 2616 perseuerare
575 2543 680 2594 aotam
701 2549 766 2594 non
789 2529 862 2594 dicit
877 2529 996 2616 aliquid
1010 2541 1044 2596 ttt

126 2639 212 2686 uuna
233 2618 402 2703 operatura,
425 2619 480 2684 aad
502 2617 768 2684 continuationem
790 2619 976 2704 operationis
988 2637 1044 2704 per

128 2720 228 2774 totam
252 2720 387 2794 tempus;
407 2709 464 2773 itte
487 2707 579 2792 igitur
601 2707 726 2772 attactas
749 2709 803 2793 qui
824 2719 871 2770 est
900 2725 1044 2793 perseve-

126 2815 199 2862 rare
220 2796 253 2862 irr
275 2795 359 2861 bono
380 2809 427 2861 est
449 2817 541 2882 supra
571 2809 753 2884 potestatem
791 2795 878 2860 liberi
917 2794 1048 2874 arbitrii.

126 2885 246 2970 ludiget
269 2885 361 2968 igitur
382 2885 479 2950 bomo
502 2884 540 2950 ad
564 2883 827 2973 perseverandum
842 2884 873 2948 in
886 2882 1047 2964 boeman-

125 2975 201 3042 xilio
224 2973 346 3038 divinae
371 2975 496 3057 gratiae.

194 3061 341 3149 loopliua
364 3063 447 3128 Licet
471 3063 565 3128 bomo
588 3082 644 3149 per
665 3059 852 3126 voluntatem
868 3073 900 3126 et
914 3059 1047 3128 liberum

128 3151 289 3218 arbitrium
314 3151 518 3217 sitdominus
552 3155 598 3216 sui
633 3163 732 3224 amus,
765 3171 830 3216 nou
868 3161 970 3215 tamen
1005 3164 1052 3216 ast

128 3240 274 3306 dominus
296 3259 420 3306 suatum
445 3240 630 3306 naturalium
665 3239 882 3324 potentiarum
917 3251 948 3302 et
971 3239 1052 3320 ideo,

129 3329 201 3395 lieet
223 3328 301 3394 liber
323 3331 362 3394 ait
384 3330 423 3394 ati
447 3330 612 3394 volendum
646 3327 694 3392 vel
718 3327 756 3392 ad
789 3347 853 3392 nou
886 3327 1053 3394 volendum

131 3416 264 3503 aliquid,
280 3436 345 3482 troo
366 3433 470 3500 tamen
495 3418 627 3484 volendo
649 3417 749 3482 iaeere
773 3428 872 3504 potest
894 3415 977 3504 quod
1003 3437 1055 3485 to·

131 3507 244 3588 luntas,
267 3505 297 3571 in
325 3506 470 3596 eoquod
494 3507 567 3590 vult,
590 3506 630 3573 atl
653 3506 684 3573 id
707 3504 877 3595 quodvult
901 3506 950 3574 tel
972 3503 1057 3593 eligit
