<?xml version="1.0" encoding="UTF-8"?>
<!DOCTYPE html PUBLIC "-//W3C//DTD XHTML 1.0 Transitional//EN"
    "http://www.w3.org/TR/xhtml1/DTD/xhtml1-transitional.dtd">
<html xmlns="http://www.w3.org/1999/xhtml" xml:lang="en" lang="en">
 <head>
  <title>
</title>
<meta http-equiv="Content-Type" content="text/html;charset=utf-8" />
  <meta name='ocr-system' content='tesseract 3.04.00' />
  <meta name='ocr-capabilities' content='ocr_page ocr_carea ocr_par ocr_line ocrx_word'/>
</head>
<body>
  <div class='ocr_page' id='page_1' title='image "./sanctithomaeaqu00thomgoog_0026.png"; bbox 0 0 2494 3970; ppageno 0'>
   <div class='ocr_carea' id='block_1_1' title="bbox 8 270 1031 3448">
    <p class='ocr_par' dir='ltr' id='par_1_1' title="bbox 411 270 998 335">
     <span class='ocr_line' id='line_1_1' title="bbox 411 270 998 335; baseline 0.007 -4"><span class='ocrx_word' id='word_1_1' title='bbox 411 287 466 331; x_wconf 86' lang='lat' dir='ltr'><strong>tta.</strong></span> <span class='ocrx_word' id='word_1_2' title='bbox 491 287 530 331; x_wconf 90' lang='lat' dir='ltr'><strong>tu.</strong></span> <span class='ocrx_word' id='word_1_3' title='bbox 555 286 620 333; x_wconf 77' lang='lat' dir='ltr'><strong>ern.</strong></span> <span class='ocrx_word' id='word_1_4' title='bbox 645 287 683 330; x_wconf 87' lang='lat' dir='ltr'><strong>u.</strong></span> <span class='ocrx_word' id='word_1_5' title='bbox 961 270 998 335; x_wconf 74' lang='lat' dir='ltr'><strong>2l</strong></span> 
     </span>
    </p>

    <p class='ocr_par' dir='ltr' id='par_1_2' title="bbox 86 350 1014 1690">
     <span class='ocr_line' id='line_1_2' title="bbox 157 350 1006 444; baseline 0.002 -23"><span class='ocrx_word' id='word_1_6' title='bbox 157 357 198 421; x_wconf 83' lang='lat' dir='ltr'><strong>Ex</strong></span> <span class='ocrx_word' id='word_1_7' title='bbox 220 375 281 442; x_wconf 83' lang='lat' dir='ltr'><strong>quo</strong></span> <span class='ocrx_word' id='word_1_8' title='bbox 305 367 388 442; x_wconf 90' lang='lat' dir='ltr'><strong>patet</strong></span> <span class='ocrx_word' id='word_1_9' title='bbox 410 355 505 441; x_wconf 89' lang='lat' dir='ltr'><strong>quod,</strong></span> <span class='ocrx_word' id='word_1_10' title='bbox 539 356 610 422; x_wconf 90' lang='lat' dir='ltr'><strong>licet</strong></span> <span class='ocrx_word' id='word_1_11' title='bbox 648 355 765 421; x_wconf 84' lang='lat' dir='ltr'><strong>malum</strong></span> <span class='ocrx_word' id='word_1_12' title='bbox 800 350 936 444; x_wconf 46' lang='lat' dir='ltr'><strong>praeter*</strong></span> <span class='ocrx_word' id='word_1_13' title='bbox 960 361 1006 424; x_wconf 90' lang='lat' dir='ltr'><strong>in-</strong></span> 
     </span>
     <span class='ocr_line' id='line_1_3' title="bbox 94 445 1008 523; baseline 0.005 -14"><span class='ocrx_word' id='word_1_14' title='bbox 94 447 258 512; x_wconf 87' lang='lat' dir='ltr'><strong>tentionem</strong></span> <span class='ocrx_word' id='word_1_15' title='bbox 281 446 329 519; x_wconf 93' lang='lat' dir='ltr'><strong>sit,</strong></span> <span class='ocrx_word' id='word_1_16' title='bbox 353 457 399 510; x_wconf 82' lang='lat' dir='ltr'><strong>ost</strong></span> <span class='ocrx_word' id='word_1_17' title='bbox 422 459 525 511; x_wconf 88' lang='lat' dir='ltr'><strong>tomen</strong></span> <span class='ocrx_word' id='word_1_18' title='bbox 549 445 768 523; x_wconf 81' lang='lat' dir='ltr'><strong>voluntarium,</strong></span> <span class='ocrx_word' id='word_1_19' title='bbox 807 459 840 511; x_wconf 90' lang='lat' dir='ltr'><strong>ut</strong></span> <span class='ocrx_word' id='word_1_20' title='bbox 873 448 1008 514; x_wconf 88' lang='lat' dir='ltr'><strong>secunda</strong></span> 
     </span>
     <span class='ocr_line' id='line_1_4' title="bbox 93 534 1008 622; baseline 0.002 -24"><span class='ocrx_word' id='word_1_21' title='bbox 93 535 167 600; x_wconf 84' lang='lat' dir='ltr'><strong>ratio</strong></span> <span class='ocrx_word' id='word_1_22' title='bbox 192 535 344 622; x_wconf 80' lang='lat' dir='ltr'><strong>proponit,</strong></span> <span class='ocrx_word' id='word_1_23' title='bbox 367 534 439 599; x_wconf 90' lang='lat' dir='ltr'><strong>licet</strong></span> <span class='ocrx_word' id='word_1_24' title='bbox 460 555 523 600; x_wconf 91' lang='lat' dir='ltr'><strong>non</strong></span> <span class='ocrx_word' id='word_1_25' title='bbox 547 554 669 619; x_wconf 91' lang='lat' dir='ltr'><strong>perse,</strong></span> <span class='ocrx_word' id='word_1_26' title='bbox 692 534 747 600; x_wconf 90' lang='lat' dir='ltr'><strong>sed</strong></span> <span class='ocrx_word' id='word_1_27' title='bbox 771 536 1008 622; x_wconf 78' lang='lat' dir='ltr'><strong>peracoideos.</strong></span> 
     </span>
     <span class='ocr_line' id='line_1_5' title="bbox 91 622 1009 713; baseline 0.001 -24"><span class='ocrx_word' id='word_1_28' title='bbox 91 625 221 689; x_wconf 85' lang='lat' dir='ltr'><strong>latentio</strong></span> <span class='ocrx_word' id='word_1_29' title='bbox 244 624 326 688; x_wconf 88' lang='lat' dir='ltr'><strong>enim</strong></span> <span class='ocrx_word' id='word_1_30' title='bbox 351 636 396 688; x_wconf 86' lang='lat' dir='ltr'><strong>cst</strong></span> <span class='ocrx_word' id='word_1_31' title='bbox 419 622 517 689; x_wconf 92' lang='lat' dir='ltr'><strong>ultimi</strong></span> <span class='ocrx_word' id='word_1_32' title='bbox 541 623 611 690; x_wconf 85' lang='lat' dir='ltr'><strong>linis</strong></span> <span class='ocrx_word' id='word_1_33' title='bbox 642 643 735 710; x_wconf 90' lang='lat' dir='ltr'><strong>quem</strong></span> <span class='ocrx_word' id='word_1_34' title='bbox 774 625 843 711; x_wconf 89' lang='lat' dir='ltr'><strong>quis</strong></span> <span class='ocrx_word' id='word_1_35' title='bbox 882 640 1009 713; x_wconf 89' lang='lat' dir='ltr'><strong>propter</strong></span> 
     </span>
     <span class='ocr_line' id='line_1_6' title="bbox 89 711 1010 800; baseline 0.001 -22"><span class='ocrx_word' id='word_1_36' title='bbox 89 735 122 778; x_wconf 89' lang='lat' dir='ltr'><strong>se</strong></span> <span class='ocrx_word' id='word_1_37' title='bbox 145 715 220 790; x_wconf 82' lang='lat' dir='ltr'><strong>vult3</strong></span> <span class='ocrx_word' id='word_1_38' title='bbox 245 713 385 778; x_wconf 78' lang='lat' dir='ltr'><strong>uoluntas</strong></span> <span class='ocrx_word' id='word_1_39' title='bbox 408 725 511 778; x_wconf 86' lang='lat' dir='ltr'><strong>atttem</strong></span> <span class='ocrx_word' id='word_1_40' title='bbox 535 726 582 778; x_wconf 88' lang='lat' dir='ltr'><strong>est</strong></span> <span class='ocrx_word' id='word_1_41' title='bbox 605 713 696 778; x_wconf 88' lang='lat' dir='ltr'><strong>etiam</strong></span> <span class='ocrx_word' id='word_1_42' title='bbox 720 711 787 798; x_wconf 87' lang='lat' dir='ltr'><strong>ejus</strong></span> <span class='ocrx_word' id='word_1_43' title='bbox 825 712 908 800; x_wconf 90' lang='lat' dir='ltr'><strong>quod</strong></span> <span class='ocrx_word' id='word_1_44' title='bbox 942 717 1010 800; x_wconf 88' lang='lat' dir='ltr'><strong>quis</strong></span> 
     </span>
     <span class='ocr_line' id='line_1_7' title="bbox 90 801 1009 890; baseline 0 -24"><span class='ocrx_word' id='word_1_45' title='bbox 90 803 154 869; x_wconf 88' lang='lat' dir='ltr'><strong>vult</strong></span> <span class='ocrx_word' id='word_1_46' title='bbox 178 815 303 890; x_wconf 86' lang='lat' dir='ltr'><strong>propter</strong></span> <span class='ocrx_word' id='word_1_47' title='bbox 326 801 418 879; x_wconf 88' lang='lat' dir='ltr'><strong>aliud,</strong></span> <span class='ocrx_word' id='word_1_48' title='bbox 442 801 562 867; x_wconf 87' lang='lat' dir='ltr'><strong>etiamsi</strong></span> <span class='ocrx_word' id='word_1_49' title='bbox 600 801 783 887; x_wconf 84' lang='lat' dir='ltr'><strong>simpliciter</strong></span> <span class='ocrx_word' id='word_1_50' title='bbox 804 821 869 868; x_wconf 88' lang='lat' dir='ltr'><strong>non</strong></span> <span class='ocrx_word' id='word_1_51' title='bbox 907 803 1009 869; x_wconf 84' lang='lat' dir='ltr'><strong>vellet:</strong></span> 
     </span>
     <span class='ocr_line' id='line_1_8' title="bbox 89 891 1011 977; baseline 0.003 -22"><span class='ocrx_word' id='word_1_52' title='bbox 89 894 171 957; x_wconf 88' lang='lat' dir='ltr'><strong>sicut</strong></span> <span class='ocrx_word' id='word_1_53' title='bbox 194 891 245 975; x_wconf 87' lang='lat' dir='ltr'><strong>qui</strong></span> <span class='ocrx_word' id='word_1_54' title='bbox 270 891 391 977; x_wconf 90' lang='lat' dir='ltr'><strong>projicit</strong></span> <span class='ocrx_word' id='word_1_55' title='bbox 414 910 533 955; x_wconf 89' lang='lat' dir='ltr'><strong>merces</strong></span> <span class='ocrx_word' id='word_1_56' title='bbox 556 891 586 954; x_wconf 91' lang='lat' dir='ltr'><strong>in</strong></span> <span class='ocrx_word' id='word_1_57' title='bbox 611 911 697 955; x_wconf 91' lang='lat' dir='ltr'><strong>mare</strong></span> <span class='ocrx_word' id='word_1_58' title='bbox 717 911 808 956; x_wconf 85' lang='lat' dir='ltr'><strong>causa</strong></span> <span class='ocrx_word' id='word_1_59' title='bbox 825 891 933 959; x_wconf 89' lang='lat' dir='ltr'><strong>salutis</strong></span> <span class='ocrx_word' id='word_1_60' title='bbox 948 914 1011 958; x_wconf 92' lang='lat' dir='ltr'><strong>non</strong></span> 
     </span>
     <span class='ocr_line' id='line_1_9' title="bbox 89 979 1011 1069; baseline 0.002 -24"><span class='ocrx_word' id='word_1_61' title='bbox 89 980 222 1046; x_wconf 76' lang='lat' dir='ltr'>intendit</span> <span class='ocrx_word' id='word_1_62' title='bbox 244 979 467 1066; x_wconf 74' lang='lat' dir='ltr'><strong>projectionem</strong></span> <span class='ocrx_word' id='word_1_63' title='bbox 491 981 654 1057; x_wconf 86' lang='lat' dir='ltr'><strong>mercium,</strong></span> <span class='ocrx_word' id='word_1_64' title='bbox 677 979 731 1044; x_wconf 89' lang='lat' dir='ltr'><strong>sed</strong></span> <span class='ocrx_word' id='word_1_65' title='bbox 770 980 915 1062; x_wconf 89' lang='lat' dir='ltr'><strong>salutem;</strong></span> <span class='ocrx_word' id='word_1_66' title='bbox 939 1003 1011 1069; x_wconf 86' lang='lat' dir='ltr'><strong>pro·</strong></span> 
     </span>
     <span class='ocr_line' id='line_1_10' title="bbox 86 1067 1009 1154; baseline 0 -20"><span class='ocrx_word' id='word_1_67' title='bbox 86 1070 255 1154; x_wconf 76' lang='lat' dir='ltr'><strong>jectionem</strong></span> <span class='ocrx_word' id='word_1_68' title='bbox 279 1083 383 1134; x_wconf 88' lang='lat' dir='ltr'><strong>autem</strong></span> <span class='ocrx_word' id='word_1_69' title='bbox 407 1067 566 1145; x_wconf 69' lang='lat' dir='ltr'><strong>vute-non</strong></span> <span class='ocrx_word' id='word_1_70' title='bbox 601 1069 791 1154; x_wconf 79' lang='lat' dir='ltr'><strong>simpliciter,</strong></span> <span class='ocrx_word' id='word_1_71' title='bbox 826 1069 882 1136; x_wconf 83' lang='lat' dir='ltr'><strong>sed</strong></span> <span class='ocrx_word' id='word_1_72' title='bbox 918 1091 1009 1136; x_wconf 87' lang='lat' dir='ltr'><strong>causa</strong></span> 
     </span>
     <span class='ocr_line' id='line_1_11' title="bbox 88 1156 1011 1243; baseline 0.003 -21"><span class='ocrx_word' id='word_1_73' title='bbox 88 1159 215 1225; x_wconf 67' lang='lat' dir='ltr'><strong>salutis:</strong></span> <span class='ocrx_word' id='word_1_74' title='bbox 230 1157 388 1234; x_wconf 79' lang='lat' dir='ltr'><strong>Similiter,</strong></span> <span class='ocrx_word' id='word_1_75' title='bbox 410 1170 536 1242; x_wconf 87' lang='lat' dir='ltr'><strong>propter</strong></span> <span class='ocrx_word' id='word_1_76' title='bbox 565 1156 691 1243; x_wconf 81' lang='lat' dir='ltr'><strong>aliquod</strong></span> <span class='ocrx_word' id='word_1_77' title='bbox 716 1157 842 1223; x_wconf 86' lang='lat' dir='ltr'><strong>&#39;bonum</strong></span> <span class='ocrx_word' id='word_1_78' title='bbox 864 1159 1011 1225; x_wconf 85' lang='lat' dir='ltr'><strong>sensibile</strong></span> 
     </span>
     <span class='ocr_line' id='line_1_12' title="bbox 88 1245 1011 1332; baseline 0 -20"><span class='ocrx_word' id='word_1_79' title='bbox 88 1247 344 1332; x_wconf 88' lang='lat' dir='ltr'><strong>consequendum</strong></span> <span class='ocrx_word' id='word_1_80' title='bbox 368 1245 431 1311; x_wconf 89' lang='lat' dir='ltr'><strong>vult</strong></span> <span class='ocrx_word' id='word_1_81' title='bbox 453 1245 563 1332; x_wconf 90' lang='lat' dir='ltr'><strong>aliquis</strong></span> <span class='ocrx_word' id='word_1_82' title='bbox 597 1245 699 1310; x_wconf 84' lang='lat' dir='ltr'><strong>lucere</strong></span> <span class='ocrx_word' id='word_1_83' title='bbox 733 1247 939 1313; x_wconf 87' lang='lat' dir='ltr'><strong>inordinatam</strong></span> <span class='ocrx_word' id='word_1_84' title='bbox 978 1271 1011 1312; x_wconf 87' lang='lat' dir='ltr'><strong>a·</strong></span> 
     </span>
     <span class='ocr_line' id='line_1_13' title="bbox 88 1334 1012 1422; baseline 0.001 -21"><span class='ocrx_word' id='word_1_85' title='bbox 88 1339 237 1408; x_wconf 89' lang='lat' dir='ltr'><strong>ctionem,</strong></span> <span class='ocrx_word' id='word_1_86' title='bbox 260 1355 322 1401; x_wconf 93' lang='lat' dir='ltr'><strong>non</strong></span> <span class='ocrx_word' id='word_1_87' title='bbox 347 1334 509 1400; x_wconf 85' lang='lat' dir='ltr'><strong>intendens</strong></span> <span class='ocrx_word' id='word_1_88' title='bbox 534 1335 794 1400; x_wconf 82' lang='lat' dir='ltr'><strong>inordinationem</strong></span> <span class='ocrx_word' id='word_1_89' title='bbox 833 1356 935 1422; x_wconf 90' lang='lat' dir='ltr'><strong>neque</strong></span> <span class='ocrx_word' id='word_1_90' title='bbox 958 1357 1012 1402; x_wconf 85' lang='lat' dir='ltr'><strong>vo-</strong></span> 
     </span>
     <span class='ocr_line' id='line_1_14' title="bbox 89 1423 1014 1517; baseline 0.002 -27"><span class='ocrx_word' id='word_1_91' title='bbox 89 1426 156 1517; x_wconf 80' lang='lat' dir='ltr'><strong>lens</strong></span> <span class='ocrx_word' id='word_1_92' title='bbox 180 1446 250 1492; x_wconf 90' lang='lat' dir='ltr'><strong>eam</strong></span> <span class='ocrx_word' id='word_1_93' title='bbox 274 1425 462 1512; x_wconf 87' lang='lat' dir='ltr'><strong>simpliciter,</strong></span> <span class='ocrx_word' id='word_1_94' title='bbox 485 1423 539 1488; x_wconf 89' lang='lat' dir='ltr'><strong>sed</strong></span> <span class='ocrx_word' id='word_1_95' title='bbox 563 1437 689 1510; x_wconf 88' lang='lat' dir='ltr'><strong>propter</strong></span> <span class='ocrx_word' id='word_1_96' title='bbox 713 1425 783 1502; x_wconf 87' lang='lat' dir='ltr'><strong>ltoc;</strong></span> <span class='ocrx_word' id='word_1_97' title='bbox 805 1438 835 1490; x_wconf 88' lang='lat' dir='ltr'><strong>et</strong></span> <span class='ocrx_word' id='word_1_98' title='bbox 859 1426 929 1490; x_wconf 88' lang='lat' dir='ltr'><strong>ideo</strong></span> <span class='ocrx_word' id='word_1_99' title='bbox 954 1427 1014 1492; x_wconf 88' lang='lat' dir='ltr'><strong>hec</strong></span> 
     </span>
     <span class='ocr_line' id='line_1_15' title="bbox 89 1511 1013 1599; baseline 0 -19"><span class='ocrx_word' id='word_1_100' title='bbox 89 1516 186 1582; x_wconf 88' lang='lat' dir='ltr'><strong>modo</strong></span> <span class='ocrx_word' id='word_1_101' title='bbox 211 1513 325 1579; x_wconf 89' lang='lat' dir='ltr'><strong>malitia</strong></span> <span class='ocrx_word' id='word_1_102' title='bbox 349 1528 380 1580; x_wconf 92' lang='grc' dir='ltr'><strong>ει</strong></span> <span class='ocrx_word' id='word_1_103' title='bbox 403 1526 563 1599; x_wconf 88' lang='lat' dir='ltr'><strong>peccatum</strong></span> <span class='ocrx_word' id='word_1_104' title='bbox 587 1511 732 1578; x_wconf 90' lang='lat' dir='ltr'><strong>dicuntur</strong></span> <span class='ocrx_word' id='word_1_105' title='bbox 750 1535 818 1579; x_wconf 87' lang='lat' dir='ltr'><strong>esse</strong></span> <span class='ocrx_word' id='word_1_106' title='bbox 842 1515 1013 1580; x_wconf 80' lang='lat' dir='ltr'><strong>voluntaria</strong></span> 
     </span>
     <span class='ocr_line' id='line_1_16' title="bbox 90 1600 688 1690; baseline -0.008 -21"><span class='ocrx_word' id='word_1_107' title='bbox 90 1605 170 1674; x_wconf 80' lang='lat' dir='ltr'><strong>sicut</strong></span> <span class='ocrx_word' id='word_1_108' title='bbox 195 1600 344 1690; x_wconf 82' lang='lat' dir='ltr'><strong>projectio</strong></span> <span class='ocrx_word' id='word_1_109' title='bbox 367 1601 519 1668; x_wconf 88' lang='lat' dir='ltr'><strong>mercium</strong></span> <span class='ocrx_word' id='word_1_110' title='bbox 542 1601 575 1666; x_wconf 91' lang='lat' dir='ltr'><strong>in</strong></span> <span class='ocrx_word' id='word_1_111' title='bbox 600 1601 688 1667; x_wconf 86' lang='lat' dir='ltr'><strong>mari.</strong></span> 
     </span>
    </p>

    <p class='ocr_par' dir='ltr' id='par_1_3' title="bbox 8 1690 1031 2926">
     <span class='ocr_line' id='line_1_17' title="bbox 159 1690 1016 1776; baseline -0.002 -17"><span class='ocrx_word' id='word_1_112' title='bbox 159 1693 277 1759; x_wconf 88' lang='lat' dir='ltr'><strong>Eodem</strong></span> <span class='ocrx_word' id='word_1_113' title='bbox 302 1705 405 1757; x_wconf 90' lang='lat' dir='ltr'><strong>autem</strong></span> <span class='ocrx_word' id='word_1_114' title='bbox 429 1690 523 1755; x_wconf 92' lang='lat' dir='ltr'><strong>modo</strong></span> <span class='ocrx_word' id='word_1_115' title='bbox 547 1703 630 1776; x_wconf 89' lang='lat' dir='ltr'><strong>patet</strong></span> <span class='ocrx_word' id='word_1_116' title='bbox 668 1690 780 1756; x_wconf 91' lang='lat' dir='ltr'><strong>solutio</strong></span> <span class='ocrx_word' id='word_1_117' title='bbox 814 1691 853 1757; x_wconf 93' lang='lat' dir='ltr'><strong>ad</strong></span> <span class='ocrx_word' id='word_1_118' title='bbox 894 1693 1016 1758; x_wconf 80' lang='lat' dir='ltr'><strong>tertiam</strong></span> 
     </span>
     <span class='ocr_line' id='line_1_18' title="bbox 93 1779 1018 1868; baseline -0.002 -20"><span class='ocrx_word' id='word_1_119' title='bbox 93 1781 312 1868; x_wconf 89' lang='lat' dir='ltr'><strong>objectionem.</strong></span> <span class='ocrx_word' id='word_1_120' title='bbox 336 1780 501 1866; x_wconf 82' lang='lat' dir='ltr'><strong>Nunquam</strong></span> <span class='ocrx_word' id='word_1_121' title='bbox 527 1780 610 1844; x_wconf 87' lang='lat' dir='ltr'><strong>enim</strong></span> <span class='ocrx_word' id='word_1_122' title='bbox 626 1779 782 1844; x_wconf 90' lang='lat' dir='ltr'><strong>invenitur</strong></span> <span class='ocrx_word' id='word_1_123' title='bbox 806 1783 937 1847; x_wconf 90' lang='lat' dir='ltr'><strong>mutatio</strong></span> <span class='ocrx_word' id='word_1_124' title='bbox 949 1801 1018 1848; x_wconf 88' lang='lat' dir='ltr'><strong>eor-</strong></span> 
     </span>
     <span class='ocr_line' id='line_1_19' title="bbox 93 1869 1020 1958; baseline 0 -22"><span class='ocrx_word' id='word_1_125' title='bbox 93 1871 247 1958; x_wconf 84' lang='lat' dir='ltr'><strong>ruptionis</strong></span> <span class='ocrx_word' id='word_1_126' title='bbox 272 1870 339 1936; x_wconf 88' lang='lat' dir='ltr'><strong>sine</strong></span> <span class='ocrx_word' id='word_1_127' title='bbox 362 1871 532 1935; x_wconf 84' lang='lat' dir='ltr'><strong>mutatione</strong></span> <span class='ocrx_word' id='word_1_128' title='bbox 556 1869 775 1952; x_wconf 76' lang='lat' dir='ltr'><strong>generationis,</strong></span> <span class='ocrx_word' id='word_1_129' title='bbox 799 1883 829 1934; x_wconf 94' lang='lat' dir='ltr'><strong>et</strong></span> <span class='ocrx_word' id='word_1_130' title='bbox 865 1891 921 1956; x_wconf 90' lang='lat' dir='ltr'><strong>per</strong></span> <span class='ocrx_word' id='word_1_131' title='bbox 944 1891 1020 1936; x_wconf 89' lang='lat' dir='ltr'><strong>con·</strong></span> 
     </span>
     <span class='ocr_line' id='line_1_20' title="bbox 92 1957 1020 2046; baseline -0.001 -21"><span class='ocrx_word' id='word_1_132' title='bbox 92 1980 228 2046; x_wconf 87' lang='lat' dir='ltr'><strong>sequens</strong></span> <span class='ocrx_word' id='word_1_133' title='bbox 253 1979 310 2024; x_wconf 91' lang='lat' dir='ltr'><strong>nec</strong></span> <span class='ocrx_word' id='word_1_134' title='bbox 340 1957 410 2024; x_wconf 84' lang='lat' dir='ltr'><strong>linis</strong></span> <span class='ocrx_word' id='word_1_135' title='bbox 443 1958 649 2044; x_wconf 87' lang='lat' dir='ltr'><strong>corruptionis</strong></span> <span class='ocrx_word' id='word_1_136' title='bbox 687 1959 754 2024; x_wconf 88' lang='lat' dir='ltr'><strong>sine</strong></span> <span class='ocrx_word' id='word_1_137' title='bbox 788 1959 850 2024; x_wconf 88' lang='lat' dir='ltr'><strong>line</strong></span> <span class='ocrx_word' id='word_1_138' title='bbox 889 1979 1020 2044; x_wconf 77' lang='lat' dir='ltr'><strong>genera-</strong></span> 
     </span>
     <span class='ocr_line' id='line_1_21' title="bbox 94 2046 1019 2136; baseline 0 -23"><span class='ocrx_word' id='word_1_139' title='bbox 94 2051 198 2114; x_wconf 90' lang='lat' dir='ltr'><strong>tionis.</strong></span> <span class='ocrx_word' id='word_1_140' title='bbox 215 2048 328 2114; x_wconf 86' lang='lat' dir='ltr'><strong>Notura</strong></span> <span class='ocrx_word' id='word_1_141' title='bbox 352 2067 427 2132; x_wconf 76' lang='lat' dir='ltr'><strong>ergo</strong></span> <span class='ocrx_word' id='word_1_142' title='bbox 450 2067 512 2112; x_wconf 92' lang='lat' dir='ltr'><strong>non</strong></span> <span class='ocrx_word' id='word_1_143' title='bbox 537 2046 667 2112; x_wconf 86' lang='lat' dir='ltr'><strong>intendit</strong></span> <span class='ocrx_word' id='word_1_144' title='bbox 691 2047 786 2112; x_wconf 83' lang='lat' dir='ltr'><strong>tinem</strong></span> <span class='ocrx_word' id='word_1_145' title='bbox 810 2050 1019 2136; x_wconf 89' lang='lat' dir='ltr'><strong>corruptionis</strong></span> 
     </span>
     <span class='ocr_line' id='line_1_22' title="bbox 92 2135 1018 2222; baseline 0 -20"><span class='ocrx_word' id='word_1_146' title='bbox 92 2157 237 2204; x_wconf 86' lang='lat' dir='ltr'><strong>seorsum</strong></span> <span class='ocrx_word' id='word_1_147' title='bbox 261 2157 278 2202; x_wconf 91' lang='lat' dir='ltr'><strong>a</strong></span> <span class='ocrx_word' id='word_1_148' title='bbox 302 2137 364 2202; x_wconf 85' lang='lat' dir='ltr'><strong>tine</strong></span> <span class='ocrx_word' id='word_1_149' title='bbox 387 2136 605 2222; x_wconf 78' lang='lat' dir='ltr'><strong>generationis,</strong></span> <span class='ocrx_word' id='word_1_150' title='bbox 628 2135 684 2200; x_wconf 85' lang='lat' dir='ltr'><strong>sed</strong></span> <span class='ocrx_word' id='word_1_151' title='bbox 707 2136 800 2200; x_wconf 90' lang='lat' dir='ltr'><strong>simul</strong></span> <span class='ocrx_word' id='word_1_152' title='bbox 839 2151 1018 2222; x_wconf 87' lang='lat' dir='ltr'><strong>utrumque.</strong></span> 
     </span>
     <span class='ocr_line' id='line_1_23' title="bbox 94 2225 1018 2312; baseline -0.001 -21"><span class='ocrx_word' id='word_1_153' title='bbox 94 2227 164 2293; x_wconf 90' lang='lat' dir='ltr'><strong>Non</strong></span> <span class='ocrx_word' id='word_1_154' title='bbox 189 2227 273 2292; x_wconf 90' lang='lat' dir='ltr'><strong>enim</strong></span> <span class='ocrx_word' id='word_1_155' title='bbox 297 2239 342 2292; x_wconf 86' lang='lat' dir='ltr'><strong>est</strong></span> <span class='ocrx_word' id='word_1_156' title='bbox 365 2226 404 2291; x_wconf 91' lang='lat' dir='ltr'><strong>de</strong></span> <span class='ocrx_word' id='word_1_157' title='bbox 427 2225 596 2290; x_wconf 90' lang='lat' dir='ltr'><strong>intentione</strong></span> <span class='ocrx_word' id='word_1_158' title='bbox 620 2239 747 2290; x_wconf 83' lang='lat' dir='ltr'><strong>naturae</strong></span> <span class='ocrx_word' id='word_1_159' title='bbox 770 2225 910 2292; x_wconf 88' lang='lat' dir='ltr'><strong>absoluta</strong></span> <span class='ocrx_word' id='word_1_160' title='bbox 934 2227 1018 2312; x_wconf 93' lang='lat' dir='ltr'><strong>quod</strong></span> 
     </span>
     <span class='ocr_line' id='line_1_24' title="bbox 97 2313 1019 2402; baseline 0 -22"><span class='ocrx_word' id='word_1_161' title='bbox 97 2337 161 2382; x_wconf 95' lang='lat' dir='ltr'><strong>non</strong></span> <span class='ocrx_word' id='word_1_162' title='bbox 186 2317 225 2380; x_wconf 89' lang='lat' dir='ltr'><strong>sit</strong></span> <span class='ocrx_word' id='word_1_163' title='bbox 247 2335 337 2402; x_wconf 87' lang='lat' dir='ltr'><strong>aque,</strong></span> <span class='ocrx_word' id='word_1_164' title='bbox 360 2315 414 2380; x_wconf 90' lang='lat' dir='ltr'><strong>sed</strong></span> <span class='ocrx_word' id='word_1_165' title='bbox 438 2313 522 2400; x_wconf 89' lang='lat' dir='ltr'><strong>quod</strong></span> <span class='ocrx_word' id='word_1_166' title='bbox 545 2315 585 2378; x_wconf 90' lang='lat' dir='ltr'><strong>sit</strong></span> <span class='ocrx_word' id='word_1_167' title='bbox 607 2333 670 2392; x_wconf 89' lang='lat' dir='ltr'><strong>aer,</strong></span> <span class='ocrx_word' id='word_1_168' title='bbox 693 2334 755 2400; x_wconf 91' lang='lat' dir='ltr'><strong>quo</strong></span> <span class='ocrx_word' id='word_1_169' title='bbox 783 2315 932 2380; x_wconf 83' lang='lat' dir='ltr'><strong>existente</strong></span> <span class='ocrx_word' id='word_1_170' title='bbox 954 2335 1019 2380; x_wconf 90' lang='lat' dir='ltr'><strong>non</strong></span> 
     </span>
     <span class='ocr_line' id='line_1_25' title="bbox 96 2402 1020 2492; baseline -0.003 -21"><span class='ocrx_word' id='word_1_171' title='bbox 96 2419 142 2471; x_wconf 84' lang='lat' dir='ltr'><strong>est</strong></span> <span class='ocrx_word' id='word_1_172' title='bbox 166 2425 258 2492; x_wconf 82' lang='lat' dir='ltr'><strong>aqua3</strong></span> <span class='ocrx_word' id='word_1_173' title='bbox 282 2405 341 2469; x_wconf 84' lang='lat' dir='ltr'><strong>lroe</strong></span> <span class='ocrx_word' id='word_1_174' title='bbox 363 2424 438 2490; x_wconf 79' lang='lat' dir='ltr'><strong>ergo</strong></span> <span class='ocrx_word' id='word_1_175' title='bbox 460 2402 543 2489; x_wconf 87' lang='lat' dir='ltr'><strong>quod</strong></span> <span class='ocrx_word' id='word_1_176' title='bbox 566 2417 613 2468; x_wconf 86' lang='lat' dir='ltr'><strong>est</strong></span> <span class='ocrx_word' id='word_1_177' title='bbox 643 2423 711 2468; x_wconf 83' lang='lat' dir='ltr'><strong>esse</strong></span> <span class='ocrx_word' id='word_1_178' title='bbox 748 2423 852 2469; x_wconf 85' lang='lat' dir='ltr'><strong>aerem</strong></span> <span class='ocrx_word' id='word_1_179' title='bbox 887 2405 1020 2470; x_wconf 85' lang='lat' dir='ltr'><strong>intendit</strong></span> 
     </span>
     <span class='ocr_line' id='line_1_26' title="bbox 96 2491 1017 2577; baseline -0.001 -18"><span class='ocrx_word' id='word_1_180' title='bbox 96 2508 208 2560; x_wconf 90' lang='lat' dir='ltr'><strong>natura</strong></span> <span class='ocrx_word' id='word_1_181' title='bbox 232 2494 403 2559; x_wconf 90' lang='lat' dir='ltr'><strong>secundum</strong></span> <span class='ocrx_word' id='word_1_182' title='bbox 427 2513 471 2569; x_wconf 85' lang='lat' dir='ltr'><strong>se;</strong></span> <span class='ocrx_word' id='word_1_183' title='bbox 495 2492 554 2556; x_wconf 89' lang='lat' dir='ltr'><strong>hoc</strong></span> <span class='ocrx_word' id='word_1_184' title='bbox 576 2512 650 2557; x_wconf 84' lang='lat' dir='ltr'><strong>vero</strong></span> <span class='ocrx_word' id='word_1_185' title='bbox 674 2491 757 2577; x_wconf 86' lang='lat' dir='ltr'><strong>quod</strong></span> <span class='ocrx_word' id='word_1_186' title='bbox 780 2507 826 2569; x_wconf 78' lang='lat' dir='ltr'><strong>est</strong></span> <span class='ocrx_word' id='word_1_187' title='bbox 861 2513 924 2559; x_wconf 94' lang='lat' dir='ltr'><strong>non</strong></span> <span class='ocrx_word' id='word_1_188' title='bbox 949 2514 1017 2560; x_wconf 85' lang='lat' dir='ltr'><strong>esse</strong></span> 
     </span>
     <span class='ocr_line' id='line_1_27' title="bbox 8 2579 1016 2671; baseline 0 -23"><span class='ocrx_word' id='word_1_189' title='bbox 8 2608 10 2612; x_wconf 93' lang='lat'>·</span> <span class='ocrx_word' id='word_1_190' title='bbox 97 2603 212 2671; x_wconf 82' lang='lat' dir='ltr'><strong>aquam</strong></span> <span class='ocrx_word' id='word_1_191' title='bbox 237 2602 299 2648; x_wconf 91' lang='lat' dir='ltr'><strong>non</strong></span> <span class='ocrx_word' id='word_1_192' title='bbox 322 2581 452 2647; x_wconf 85' lang='lat' dir='ltr'><strong>intendit</strong></span> <span class='ocrx_word' id='word_1_193' title='bbox 474 2581 533 2646; x_wconf 87' lang='lat' dir='ltr'><strong>nisi</strong></span> <span class='ocrx_word' id='word_1_194' title='bbox 556 2579 738 2666; x_wconf 91' lang='lat' dir='ltr'><strong>inquantum</strong></span> <span class='ocrx_word' id='word_1_195' title='bbox 755 2594 801 2647; x_wconf 91' lang='lat' dir='ltr'><strong>est</strong></span> <span class='ocrx_word' id='word_1_196' title='bbox 815 2581 1016 2668; x_wconf 89' lang='lat' dir='ltr'><strong>conjunctum</strong></span> 
     </span>
     <span class='ocr_line' id='line_1_28' title="bbox 96 2669 1031 2758; baseline 0 -22"><span class='ocrx_word' id='word_1_197' title='bbox 96 2674 125 2738; x_wconf 90' lang='lat' dir='ltr'><strong>ei</strong></span> <span class='ocrx_word' id='word_1_198' title='bbox 151 2669 235 2758; x_wconf 88' lang='lat' dir='ltr'><strong>quod</strong></span> <span class='ocrx_word' id='word_1_199' title='bbox 258 2685 303 2736; x_wconf 86' lang='lat' dir='ltr'><strong>est</strong></span> <span class='ocrx_word' id='word_1_200' title='bbox 327 2690 394 2737; x_wconf 90' lang='lat' dir='ltr'><strong>esse</strong></span> <span class='ocrx_word' id='word_1_201' title='bbox 423 2689 537 2736; x_wconf 84' lang='lat' dir='ltr'><strong>aerem.</strong></span> <span class='ocrx_word' id='word_1_202' title='bbox 572 2669 623 2735; x_wconf 88' lang='lat' dir='ltr'><strong>Sic</strong></span> <span class='ocrx_word' id='word_1_203' title='bbox 660 2671 752 2756; x_wconf 77' lang='lat' dir='ltr'><strong>igitur</strong></span> <span class='ocrx_word' id='word_1_204' title='bbox 790 2674 976 2758; x_wconf 85' lang='lat' dir='ltr'><strong>privationes</strong></span> <span class='ocrx_word' id='word_1_205' title='bbox 1000 2693 1031 2736; x_wconf 88' lang='lat' dir='ltr'><strong>a·</strong></span> 
     </span>
     <span class='ocr_line' id='line_1_29' title="bbox 97 2753 1019 2826; baseline -0.002 0"><span class='ocrx_word' id='word_1_206' title='bbox 97 2773 208 2826; x_wconf 92' lang='lat' dir='ltr'><strong>natura</strong></span> <span class='ocrx_word' id='word_1_207' title='bbox 230 2779 294 2825; x_wconf 88' lang='lat' dir='ltr'><strong>nott</strong></span> <span class='ocrx_word' id='word_1_208' title='bbox 317 2773 389 2826; x_wconf 90' lang='lat' dir='ltr'><strong>sunt</strong></span> <span class='ocrx_word' id='word_1_209' title='bbox 410 2760 581 2825; x_wconf 89' lang='lat' dir='ltr'><strong>secundum</strong></span> <span class='ocrx_word' id='word_1_210' title='bbox 604 2779 637 2824; x_wconf 90' lang='lat' dir='ltr'><strong>se</strong></span> <span class='ocrx_word' id='word_1_211' title='bbox 660 2753 795 2826; x_wconf 80' lang='lat' dir='ltr'><strong>intentae</strong></span> <span class='ocrx_word' id='word_1_212' title='bbox 829 2761 884 2826; x_wconf 91' lang='lat' dir='ltr'><strong>sed</strong></span> <span class='ocrx_word' id='word_1_213' title='bbox 908 2781 1019 2826; x_wconf 89' lang='lat' dir='ltr'><strong>secun-</strong></span> 
     </span>
     <span class='ocr_line' id='line_1_30' title="bbox 97 2848 864 2926; baseline 0 -12"><span class='ocrx_word' id='word_1_214' title='bbox 97 2850 176 2915; x_wconf 89' lang='lat' dir='ltr'><strong>dum</strong></span> <span class='ocrx_word' id='word_1_215' title='bbox 199 2849 353 2926; x_wconf 57' lang='lat' dir='ltr'><strong>aceldema</strong></span> <span class='ocrx_word' id='word_1_216' title='bbox 376 2848 494 2915; x_wconf 80' lang='lat' dir='ltr'><strong>locutae</strong></span> <span class='ocrx_word' id='word_1_217' title='bbox 519 2869 591 2913; x_wconf 80' lang='lat' dir='ltr'><strong>tero</strong></span> <span class='ocrx_word' id='word_1_218' title='bbox 625 2848 797 2915; x_wconf 89' lang='lat' dir='ltr'><strong>secundum</strong></span> <span class='ocrx_word' id='word_1_219' title='bbox 821 2870 864 2914; x_wconf 89' lang='lat' dir='ltr'><strong>se.</strong></span> 
     </span>
    </p>

    <p class='ocr_par' dir='ltr' id='par_1_4' title="bbox 100 2937 1030 3448">
     <span class='ocr_line' id='line_1_31' title="bbox 168 2937 1022 3024; baseline 0.002 -22"><span class='ocrx_word' id='word_1_220' title='bbox 168 2937 257 3004; x_wconf 85' lang='lat' dir='ltr'><strong>Patet·</strong></span> <span class='ocrx_word' id='word_1_221' title='bbox 275 2959 350 3023; x_wconf 77' lang='lat' dir='ltr'><strong>ergo</strong></span> <span class='ocrx_word' id='word_1_222' title='bbox 373 2959 411 3003; x_wconf 82' lang='lat' dir='ltr'><strong>ex</strong></span> <span class='ocrx_word' id='word_1_223' title='bbox 433 2937 612 3024; x_wconf 84' lang='lat' dir='ltr'><strong>praemissis</strong></span> <span class='ocrx_word' id='word_1_224' title='bbox 635 2938 718 3024; x_wconf 86' lang='lat' dir='ltr'><strong>quod</strong></span> <span class='ocrx_word' id='word_1_225' title='bbox 742 2938 818 3004; x_wconf 92' lang='lat' dir='ltr'><strong>illud</strong></span> <span class='ocrx_word' id='word_1_226' title='bbox 854 2937 938 3023; x_wconf 90' lang='lat' dir='ltr'><strong>quod</strong></span> <span class='ocrx_word' id='word_1_227' title='bbox 975 2952 1022 3004; x_wconf 88' lang='lat' dir='ltr'><strong>est</strong></span> 
     </span>
     <span class='ocr_line' id='line_1_32' title="bbox 100 3026 1023 3112; baseline 0 -20"><span class='ocrx_word' id='word_1_228' title='bbox 100 3026 283 3112; x_wconf 83' lang='lat' dir='ltr'><strong>simpliciter</strong></span> <span class='ocrx_word' id='word_1_229' title='bbox 306 3027 423 3092; x_wconf 91' lang='lat' dir='ltr'><strong>malum</strong></span> <span class='ocrx_word' id='word_1_230' title='bbox 448 3028 577 3092; x_wconf 90' lang='lat' dir='ltr'><strong>omnino</strong></span> <span class='ocrx_word' id='word_1_231' title='bbox 600 3041 646 3091; x_wconf 91' lang='lat' dir='ltr'><strong>est</strong></span> <span class='ocrx_word' id='word_1_232' title='bbox 670 3042 792 3112; x_wconf 85' lang='lat' dir='ltr'><strong>praeter</strong></span> <span class='ocrx_word' id='word_1_233' title='bbox 817 3027 1023 3094; x_wconf 89' lang='lat' dir='ltr'><strong>intentionem</strong></span> 
     </span>
     <span class='ocr_line' id='line_1_33' title="bbox 100 3116 1025 3205; baseline 0.002 -25"><span class='ocrx_word' id='word_1_234' title='bbox 100 3117 132 3180; x_wconf 90' lang='lat' dir='ltr'><strong>in</strong></span> <span class='ocrx_word' id='word_1_235' title='bbox 157 3116 304 3202; x_wconf 88' lang='lat' dir='ltr'><strong>operibus</strong></span> <span class='ocrx_word' id='word_1_236' title='bbox 327 3130 467 3192; x_wconf 82' lang='lat' dir='ltr'><strong>naturae,</strong></span> <span class='ocrx_word' id='word_1_237' title='bbox 489 3117 567 3180; x_wconf 87' lang='lat' dir='ltr'><strong>siout</strong></span> <span class='ocrx_word' id='word_1_238' title='bbox 590 3129 694 3201; x_wconf 89' lang='lat' dir='ltr'><strong>partus</strong></span> <span class='ocrx_word' id='word_1_239' title='bbox 719 3116 917 3193; x_wconf 64' lang='lat' dir='ltr'><strong>monstruosi</strong></span> <span class='ocrx_word' id='word_1_240' title='bbox 940 3117 1025 3205; x_wconf 91' lang='lat' dir='ltr'><strong>quod</strong></span> 
     </span>
     <span class='ocr_line' id='line_1_34' title="bbox 100 3203 1030 3292; baseline 0.005 -25"><span class='ocrx_word' id='word_1_241' title='bbox 100 3223 176 3270; x_wconf 85' lang='lat' dir='ltr'><strong>vero</strong></span> <span class='ocrx_word' id='word_1_242' title='bbox 200 3219 322 3270; x_wconf 89' lang='lat' dir='ltr'><strong>nonest</strong></span> <span class='ocrx_word' id='word_1_243' title='bbox 355 3204 546 3292; x_wconf 89' lang='lat' dir='ltr'><strong>simpliciter,</strong></span> <span class='ocrx_word' id='word_1_244' title='bbox 580 3204 634 3270; x_wconf 89' lang='lat' dir='ltr'><strong>sed</strong></span> <span class='ocrx_word' id='word_1_245' title='bbox 670 3205 761 3270; x_wconf 89' lang='lat' dir='ltr'><strong>alicui</strong></span> <span class='ocrx_word' id='word_1_246' title='bbox 795 3203 927 3284; x_wconf 86' lang='lat' dir='ltr'><strong>malum,</strong></span> <span class='ocrx_word' id='word_1_247' title='bbox 962 3228 1030 3272; x_wconf 93' lang='lat' dir='ltr'><strong>non·</strong></span> 
     </span>
     <span class='ocr_line' id='line_1_35' title="bbox 105 3293 1026 3388; baseline 0.003 -31"><span class='ocrx_word' id='word_1_248' title='bbox 105 3306 153 3358; x_wconf 91' lang='lat' dir='ltr'><strong>est</strong></span> <span class='ocrx_word' id='word_1_249' title='bbox 176 3293 328 3359; x_wconf 90' lang='lat' dir='ltr'><strong>intentum</strong></span> <span class='ocrx_word' id='word_1_250' title='bbox 354 3315 371 3360; x_wconf 89' lang='lat' dir='ltr'><strong>a</strong></span> <span class='ocrx_word' id='word_1_251' title='bbox 395 3307 503 3360; x_wconf 85' lang='lat' dir='ltr'><strong>natura</strong></span> <span class='ocrx_word' id='word_1_252' title='bbox 518 3293 689 3359; x_wconf 85' lang='lat' dir='ltr'><strong>secundum</strong></span> <span class='ocrx_word' id='word_1_253' title='bbox 706 3313 751 3372; x_wconf 85' lang='lat' dir='ltr'><strong>se,</strong></span> <span class='ocrx_word' id='word_1_254' title='bbox 773 3293 1026 3388; x_wconf 33' lang='lat' dir='ltr'><strong>sed-secundum</strong></span> 
     </span>
     <span class='ocr_line' id='line_1_36' title="bbox 101 3381 255 3448; baseline 0.013 -2"><span class='ocrx_word' id='word_1_255' title='bbox 101 3381 255 3448; x_wconf 89' lang='lat' dir='ltr'><strong>accidens.</strong></span> 
     </span>
    </p>
   </div>
   <div class='ocr_carea' id='block_1_2' title="bbox 22 3521 1027 3598">
    <p class='ocr_par' dir='ltr' id='par_1_5' title="bbox 22 3521 1027 3598">
     <span class='ocr_line' id='line_1_37' title="bbox 22 3521 1027 3598; baseline 0.006 -24"><span class='ocrx_word' id='word_1_256' title='bbox 22 3588 24 3598; x_wconf 28' lang='grc' dir='ltr'>Ι</span> <span class='ocrx_word' id='word_1_257' title='bbox 103 3521 247 3575; x_wconf 75' lang='lat' dir='ltr'><strong>secundum</strong></span> <span class='ocrx_word' id='word_1_258' title='bbox 265 3539 368 3576; x_wconf 79' lang='lat' dir='ltr'><strong>eentum</strong></span> <span class='ocrx_word' id='word_1_259' title='bbox 384 3525 527 3594; x_wconf 90' lang='lat' dir='ltr'><strong>opponitur</strong></span> <span class='ocrx_word' id='word_1_260' title='bbox 557 3521 626 3574; x_wconf 88' lang='lat' dir='ltr'><strong>bono</strong></span> <span class='ocrx_word' id='word_1_261' title='bbox 656 3523 795 3576; x_wconf 76' lang='lat' dir='ltr'><strong>secundum</strong></span> <span class='ocrx_word' id='word_1_262' title='bbox 824 3527 951 3578; x_wconf 83' lang='lat' dir='ltr'><strong>rationem</strong></span> <span class='ocrx_word' id='word_1_263' title='bbox 979 3542 1027 3580; x_wconf 88' lang='lat' dir='ltr'><strong>seu</strong></span> 
     </span>
    </p>
   </div>
   <div class='ocr_carea' id='block_1_3' title="bbox 104 3593 1027 3721">
    <p class='ocr_par' dir='ltr' id='par_1_6' title="bbox 104 3593 1027 3721">
     <span class='ocr_line' id='line_1_38' title="bbox 104 3593 1027 3666; baseline 0.005 -21"><span class='ocrx_word' id='word_1_264' title='bbox 104 3593 174 3646; x_wconf 86' lang='lat' dir='ltr'><strong>bono</strong></span> <span class='ocrx_word' id='word_1_265' title='bbox 192 3595 370 3660; x_wconf 84' lang='lat' dir='ltr'><strong>intellectuali3</strong></span> <span class='ocrx_word' id='word_1_266' title='bbox 388 3602 415 3647; x_wconf 89' lang='lat' dir='ltr'><strong>et</strong></span> <span class='ocrx_word' id='word_1_267' title='bbox 431 3595 549 3648; x_wconf 87' lang='lat' dir='ltr'><strong>consistit</strong></span> <span class='ocrx_word' id='word_1_268' title='bbox 566 3595 593 3646; x_wconf 88' lang='lat' dir='ltr'><strong>in</strong></span> <span class='ocrx_word' id='word_1_269' title='bbox 612 3594 660 3646; x_wconf 84' lang='lat' dir='ltr'><strong>noc</strong></span> <span class='ocrx_word' id='word_1_270' title='bbox 677 3597 807 3664; x_wconf 82' lang='lat' dir='ltr'><strong>oppositio</strong></span> <span class='ocrx_word' id='word_1_271' title='bbox 825 3597 896 3664; x_wconf 89' lang='lat' dir='ltr'><strong>quod</strong></span> <span class='ocrx_word' id='word_1_272' title='bbox 905 3596 1027 3666; x_wconf 80' lang='lat' dir='ltr'><strong>trequen-</strong></span> 
     </span>
     <span class='ocr_line' id='line_1_39' title="bbox 105 3665 857 3721; baseline 0 -3"><span class='ocrx_word' id='word_1_273' title='bbox 105 3672 145 3718; x_wconf 84' lang='lat' dir='ltr'><strong>ter</strong></span> <span class='ocrx_word' id='word_1_274' title='bbox 164 3665 258 3720; x_wconf 86' lang='lat' dir='ltr'><strong>accidit</strong></span> <span class='ocrx_word' id='word_1_275' title='bbox 282 3666 381 3720; x_wconf 86' lang='lat' dir='ltr'><strong>bonum</strong></span> <span class='ocrx_word' id='word_1_276' title='bbox 400 3683 491 3721; x_wconf 86' lang='lat' dir='ltr'><strong>sensus</strong></span> <span class='ocrx_word' id='word_1_277' title='bbox 510 3681 565 3720; x_wconf 85' lang='lat' dir='ltr'><strong>esse</strong></span> <span class='ocrx_word' id='word_1_278' title='bbox 586 3666 684 3719; x_wconf 87' lang='lat' dir='ltr'><strong>malum</strong></span> <span class='ocrx_word' id='word_1_279' title='bbox 703 3667 857 3720; x_wconf 87' lang='lat' dir='ltr'><strong>intellectus.</strong></span> 
     </span>
    </p>
   </div>
   <div class='ocr_carea' id='block_1_4' title="bbox 0 0 1274 3970">
    <p class='ocr_par' dir='ltr' id='par_1_7' title="bbox 0 0 1274 3970">
     <span class='ocr_line' id='line_1_40' title="bbox 0 0 1274 3970; baseline 0 0"><span class='ocrx_word' id='word_1_280' title='bbox 0 0 1274 3970; x_wconf 95' lang='lat' dir='ltr'><strong> </strong></span> 
     </span>
    </p>
   </div>
  </div>
 </body>
</html>
