2462 3968
220 203 286 268 904
533 221 588 264 tin.
615 220 654 264 ur.
679 219 742 264 aar.
766 213 832 262 trra

289 288 369 354 ilaec
393 300 496 354 autem
520 287 728 354 difficultatem
751 305 816 351 non
839 283 983 364 afferunt,
1006 285 1030 351 si
1053 305 1150 372 prae-

221 379 314 446 missa
338 377 580 444 considerentur.

288 468 318 532 in
342 467 479 553 quolibet
502 467 585 530 enim
609 477 719 550 agente
750 476 796 529 est
831 459 895 528 duo
934 465 1148 539 considerare,

221 557 334 622 scilicet
357 577 422 620 rem
446 557 544 640 ipsam
567 575 649 640 qtrae
673 555 787 636 agitet
810 553 959 618 virtutem
997 571 1059 641 qua
1087 555 1149 638 agit

221 645 299 710 siout
321 647 400 730 iguis
423 644 560 710 calefacit
583 665 638 729 per
661 643 807 708 calorem.
842 641 947 708 Virtus
970 657 1079 708 autem
1105 645 1150 708 in·

220 733 342 799 ferioris
365 733 482 818 agentis
506 732 659 817 dependet
675 753 691 796 a
709 733 820 796 virtute
843 733 1013 818 superioris
1027 733 1148 817 agentis

221 823 402 908 inquantum
426 823 568 908 superius
587 839 682 905 agens
706 821 758 886 dat
792 821 938 886 virtutem
977 821 1081 908 ipsam
1106 823 1149 886 in·

221 910 324 976 seriori
349 911 449 994 agenti
496 930 529 974 er
551 930 643 996 quam
667 911 738 993 agit,
776 909 824 974 vel
864 924 1027 976 conservat
1068 931 1148 989 eam,

222 1001 388 1064 autetiam
413 932 545 1084 appficat
568 1019 636 1062 earn
661 999 699 1062 ad
723 997 893 1083 agendum3
920 1001 999 1064 sicut
1037 1000 1148 1066 artifex

221 1088 353 1175 applicat
376 1089 614 1152 instrumentum
640 1087 678 1152 ad
713 1087 874 1174 proprium
913 1087 1058 1154 effectum
1100 1089 1147 1154 cui

221 1189 325 1242 tamen
349 1175 503 1242 interdum
527 1175 659 1242 sormam
683 1197 745 1242 non
769 1177 832 1254 dat,
870 1198 926 1264 per
964 1198 1062 1264 quam
1088 1178 1147 1262 agit

222 1265 471 1342 instrumentum,
509 1285 566 1329 nec
598 1278 770 1343 conservat,
807 1266 863 1332 sod
898 1265 950 1330 dat
989 1267 1017 1332 ei
1042 1267 1148 1332 solum

222 1368 351 1421 motum.
376 1352 505 1441 Oportet
526 1354 617 1438 igitur
640 1354 723 1440 quod
749 1355 828 1419 actio
855 1355 1010 1421 inferioris
1026 1362 1148 1442 agentis

221 1463 285 1510 non
309 1445 409 1510 solum
432 1443 471 1508 sit
493 1441 532 1508 ab
555 1463 593 1507 eo
616 1463 672 1529 per
707 1443 851 1508 virtutem
889 1445 1061 1530 propriam,
1094 1443 1148 1510 sed

219 1554 274 1618 per
298 1535 438 1599 virtutem
471 1531 612 1596 omnium
650 1533 847 1618 superiorum
890 1535 1064 1618 agentium:
1088 1535 1148 1618 agit

220 1623 304 1687 enim
328 1625 359 1688 in
383 1623 494 1686 virtute
517 1621 667 1686 omnium:
691 1634 732 1701 ει,
755 1621 833 1686 sicut
867 1641 963 1706 agens
1002 1623 1148 1688 infimum

218 1711 373 1776 invenitur
411 1709 626 1775 immediatum
661 1711 807 1785 activum,
846 1711 888 1776 ita
923 1711 1020 1776 virtus
1056 1711 1146 1799 primi

219 1801 337 1884 agentis
362 1798 515 1864 invenitur
539 1798 717 1864 immediata
741 1799 780 1863 ad
810 1799 1048 1886 producendum
1074 1801 1145 1866 eiic-

218 1903 313 1964 otum;
336 1908 409 1953 nam
433 1887 529 1952 virtus
553 1887 652 1952 infimi
676 1889 794 1972 agentis
831 1910 894 1953 non
934 1889 1030 1955 habet
1064 1890 1146 1976 quod

219 1977 370 2064 producat
394 1977 478 2040 hune
501 1975 644 2041 effectum
669 1997 706 2042 ex
732 1997 776 2056 se,
799 1977 854 2042 sed
878 1997 923 2042 ex·
946 1979 1060 2044 virtuto
1101 1999 1148 2042 su·

218 2067 348 2154 perionis
373 2065 517 2152 proximi,
539 2076 570 2128 ct
586 2066 681 2130 virtus
693 2066 774 2131 iliius
791 2086 828 2130 err
844 2066 956 2132 virtute
968 2067 1146 2154 superioris,

218 2155 314 2222 etsie
338 2160 433 2220 virtus
457 2155 594 2241 supremi
619 2155 738 2240 agentis
761 2155 918 2220 invenitur
956 2177 994 2222 ex
1017 2177 1051 2221 se
1076 2177 1145 2243 pro·

218 2245 339 2310 ductiva
363 2244 499 2318 effectus,
523 2243 609 2329 ‹puasi
635 2261 726 2308 causa
755 2243 945 2322 immediata,
968 2245 1049 2310 siout
1065 2257 1147 2332 patet

217 2336 248 2398 in
274 2333 430 2419 principiis
453 2332 766 2412 demonstrationum,
790 2353 924 2418 quorum
950 2335 1145 2420 primumest

217 2420 443 2487 immediatum.
468 2420 553 2486 Sicut
569 2422 660 2505 igitur
683 2442 745 2485 non
762 2435 807 2486 est
824 2423 1048 2488 inconveniens
1062 2421 1144 2510 quod

217 2532 278 2577 una
302 2511 380 2576 actio
405 2510 591 2595 producatur
614 2529 654 2575 ex
677 2509 781 2596 aliquo
805 2524 916 2594 agenta
945 2524 975 2575 et
998 2511 1069 2596 ejus
1087 2513 1144 2577 tir·

217 2615 292 2676 tute,
315 2599 355 2664 ita
373 2599 494 2664 nonest
511 2598 732 2664 inconveniens
749 2599 832 2684 quod
851 2599 1046 2684 producatur
1063 2600 1144 2665 idem

216 2691 342 2756 effectus
367 2689 406 2754 ab
430 2687 566 2752 inferiori
590 2700 700 2770 agente
731 2702 762 2752 et
785 2709 801 2751 a
825 2687 906 2768 Deo,
940 2689 979 2755 ab
1015 2703 1143 2776 utroquo

217 2779 410 2856 immediate,
434 2777 504 2842 iicet
526 2774 587 2840 alio
611 2789 641 2840 ct
664 2775 724 2840 alio
747 2774 866 2840 modo·

282 2869 370 2932 Patet
393 2867 486 2932 ctiam
525 2863 620 2950 quod,
658 2864 683 2928 si
723 2885 771 2930 res
813 2865 962 2931 naturalis
996 2866 1145 2954 producat

216 2958 377 3045 proprium
400 2955 553 3030 effectum,
577 2973 639 3017 nun
665 2965 710 3017 cst
733 2951 928 3039 superfluum
953 2955 1038 3042 quod
1063 2955 1144 3020 Deus
1210 2957 1211 2960 ’

217 3049 304 3114 iilum
329 3043 491 3132 producat,
521 3042 595 3128 quia
629 3061 678 3106 res
716 3041 864 3106 naturalis
904 3065 967 3108 non
1003 3043 1143 3130 producit
1210 3123 1211 3138 χ

206 3139 318 3223 ipsum
344 3134 401 3199 nisi
426 3133 536 3197 virtute
561 3130 674 3208 divina3
697 3149 799 3216 neque
826 3145 872 3196 est
888 3131 1098 3219 superfluum,
1120 3128 1143 3194 si

216 3228 304 3292 Deus
328 3221 566 3310 perseipsum
591 3233 691 3305 potest
728 3239 837 3284 omnes
873 3221 998 3287 effectus
1033 3219 1143 3308 produ·

218 3335 302 3392 cere,
326 3311 410 3398 quod
436 3329 490 3398 per
514 3308 665 3395 quasdam
689 3309 763 3373 alias
786 3329 894 3374 causas
924 3310 1142 3396 producantun

214 3425 278 3469 non
305 3401 389 3466 enim
414 3401 474 3465 hoc
497 3412 543 3464 est
569 3418 605 3462 et
630 3395 846 3464 insufficientia
870 3398 994 3464 divinae
1018 3397 1143 3474 virtutis,
1210 3419 1211 3424 ¹

214 3492 269 3559 sed
296 3510 334 3554 ex
358 3488 563 3553 immensitate
586 3485 731 3552 bonitatis
756 3485 930 3576 ipsius,per
946 3507 1042 3575 quam
1057 3505 1142 3556 suem
