2494 3970
187 236 228 301 18
471 250 527 294 un.
549 249 591 294 nr.
615 248 678 294 cna.
696 248 722 294 v,
747 250 781 294 nr
800 249 843 294 ur.

254 322 341 400 item,
364 318 541 385 Aristoteles
563 317 688 406 (Ethio,
710 317 742 392 5,
764 339 791 384 ε.
814 317 851 402 la)
873 333 1018 402 expresse
1033 313 1111 380 dicit

188 412 270 500 quod
295 409 409 475 malitia
432 421 479 474 est
500 408 719 486 voluntarium,
745 421 776 472 et
814 405 924 494 probat
962 423 1017 490 per
1048 404 1112 470 hoo

188 500 272 587 quod
295 498 404 584 aliquis
426 510 572 584 operatur
594 495 706 582 injusta
729 494 910 562 voluntarie.
945 492 1111 558 irrationa-

188 590 250 656 bile
274 602 377 654 autem
400 599 446 652 εει
468 600 650 673 operantem
683 585 854 651 voluntarie
892 580 1007 667 injusta
1044 601 1111 646 non

190 679 267 745 veile
290 675 437 762 injustum
462 694 540 751 esse,
561 687 593 740 ει
615 673 786 740 voluntarie
813 683 1006 759 stuprantem
1046 690 1112 735 non

189 767 267 832 velle
288 765 531 831 incontinentem
552 783 632 840 esse3
657 777 687 827 et
709 783 765 850 per
802 763 862 827 hoe
884 760 978 825 etiam
1018 758 1113 845 legis-

188 857 301 921 latores
342 853 473 940 puniunt
494 851 592 917 malos
615 851 702 938 quasi
737 851 908 918 voluntarie
946 862 1113 934 operantes

190 945 281 1010 maia.
304 943 374 1009 Non
395 941 514 1007 ridetur
537 942 631 1026 igitur
654 942 771 1007 malum
783 953 905 1027 praeter
920 937 1113 1004 voluntatem

190 1035 239 1100 vel
262 1032 463 1098 intentionem
487 1049 565 1096 esse.
988 1085 989 1093 ,

257 1122 430 1198 Praeterea,
453 1117 561 1184 Omnis
584 1131 685 1185 motus
708 1119 854 1184 naturalis
887 1115 981 1182 habet
1017 1115 1116 1182 finem

191 1216 344 1277 intentum
367 1231 385 1274 a
407 1221 527 1274 natura.
562 1207 724 1296 Corruptio
758 1222 862 1274 autem
899 1218 945 1272 est
983 1204 1115 1272 mutatio

190 1299 349 1378 naturalis,
371 1297 450 1364 sieut
470 1311 502 1363 et
524 1299 693 1382 generatio.
716 1297 800 1362 Finis
822 1296 916 1380 igitur
941 1293 1011 1380 ejus
1049 1292 1117 1379 (t),

194 1391 247 1475 qui
271 1402 316 1454 est
339 1387 479 1476 privatio,
502 1385 621 1452 habens
643 1386 794 1452 rationem
817 1385 902 1464 mali,
918 1398 966 1450 est
979 1384 1119 1449 intentus

195 1502 211 1542 a
235 1493 355 1555 natura,
378 1478 455 1542 sieut
477 1476 570 1541 etiam
593 1474 692 1542 forma
716 1475 900 1553 ernanum,
926 1492 1008 1560 quae
1046 1483 1120 1537 sunt

195 1567 402 1652 generationis
425 1565 505 1632 finis.

528 1740 700 1808 carot
734 1741 783 1810 vt.

367 1918 485 1985 Salutio
506 1919 664 1984 rationum
689 1922 947 2005 praemissurum.

268 2097 304 2162 Ut
325 2110 429 2162 autem
453 2095 622 2183 positarum
644 2098 800 2164 rationum
837 2097 950 2164 solutio
984 2093 1119 2161 manife-

197 2185 273 2251 stior
297 2185 361 2263 fiat,
387 2185 646 2251 considerandum
669 2187 819 2276 estquod
842 2186 959 2251 malum
976 2182 1121 2252 conside-

197 2275 259 2341 rari
283 2287 382 2361 potest
403 2273 452 2340 vel
475 2275 506 2340 in
529 2273 697 2342 substantia
721 2277 821 2363 aliqua
846 2274 893 2341 vel
916 2274 947 2339 in
960 2275 1083 2340 aetione
1096 2273 1121 2337 i·

160 2421 176 2454 s
197 2363 292 2450 psius.
305 2363 472 2428 -Malum
488 2361 614 2450 quidem
624 2363 653 2430 in
667 2363 836 2431 substantia
852 2363 953 2450 aliqua
969 2376 1016 2428 est
1030 2382 1068 2428 ex
1082 2381 1122 2428 eo

75 2501 80 2517 .
198 2451 283 2538 quod
305 2451 408 2518 deficit
430 2451 586 2537 aialiquid
608 2455 692 2539 quod
714 2467 822 2519 natum
845 2463 935 2519 estet
957 2451 1051 2519 debet
1067 2451 1122 2516 ha-

198 2541 286 2620 bere;
308 2542 333 2606 si
356 2541 440 2607 enim
463 2541 558 2606 homo
593 2560 656 2608 non
690 2543 784 2608 habet
821 2542 896 2622 alas,
935 2561 998 2607 non
1021 2553 1069 2606 est
1091 2541 1124 2612 ei

198 2627 328 2711 malum,
351 2630 423 2716 quia
447 2649 516 2694 non·
532 2641 579 2694 est
615 2643 705 2696 natus
742 2651 794 2697 eas
828 2630 954 2708 habena
977 2631 1002 2696 si
1025 2634 1123 2696 etiam

199 2719 296 2785 homo
317 2719 444 2806 capillos
467 2717 567 2784 slavos
587 2737 650 2784 non
678 2719 782 2798 habet,
815 2737 877 2785 nen
911 2733 957 2785 est
991 2719 1122 2798 malum,

200 2807 283 2893 quia,
304 2807 359 2874 etsi
375 2822 472 2873 natus
494 2819 542 2872 est
572 2807 654 2892 (eos)
689 2809 815 2884 habere,
849 2825 912 2873 non
945 2821 1051 2874 tamen
1074 2823 1124 2873 est

200 2897 228 2960 ei
252 2895 388 2964 debitum
412 2908 445 2961 ut
467 2895 649 2972 habeantne
671 2912 717 2962 est
740 2911 842 2964 tamen
871 2897 987 2962 malunt
1009 2899 1034 2962 si
1058 2917 1123 2964 non

201 2985 311 3053 habeat
332 2995 455 3064 manus,
471 3003 554 3070 ‘quas
576 2997 666 3052 natus
689 3000 736 3052 est
758 3000 788 3052 et
818 2985 911 3052 debet
944 2985 1072 3064 habere,
1095 2987 1123 3051 si

201 3075 239 3138 sit
261 3075 425 3162 perfectus,
447 3072 531 3160 quod
549 3087 653 3140 tamen
675 3095 739 3140 non
750 3088 798 3142 est
807 3073 925 3139 maium
938 3075 997 3140 avi.
1010 3071 1125 3142 Omnis

202 3176 303 3230 autem
327 3163 467 3251 privatio,
490 3163 515 3228 si
539 3163 662 3250 proprie
685 3177 716 3229 ει
738 3164 841 3230 stricte
874 3162 1052 3249 aoeipiatur,
1075 3178 1125 3229 est

201 3249 267 3335 ejus
289 3252 373 3340 quod
395 3253 464 3338 quis
485 3265 575 3318 natus
596 3267 643 3318 est
665 3253 782 3318 habere
804 3264 835 3316 et
868 3249 961 3316 debet
994 3252 1126 3318 habere.

203 3339 236 3402 ln
260 3341 428 3427 privatione
451 3340 543 3425 igitur
565 3342 609 3406 sio
631 3354 756 3436 aopepta
778 3352 825 3405 est
847 3337 924 3403 ratio
954 3339 1038 3407 maii.
1062 3340 1127 3406 Ma·

203 3427 278 3496 teria
301 3442 416 3508 autem,
438 3430 566 3494 comsit
589 3429 620 3494 in
644 3429 779 3516 potentia
803 3427 842 3494 ad
864 3445 975 3494 omnes
991 3427 1122 3509 formas,

255 3533 295 3608 (Ι)
312 3535 389 3606 Iuris,
409 3533 426 3586 i.
445 3548 469 3590 e.
486 3532 670 3604 corruptionis.
