2514 3972
379 253 435 298 ua.
461 230 502 297 rir.
528 251 590 298 err.
615 253 659 300 cr.
686 254 722 298 ar
745 255 801 300 err.
981 233 1046 304 399

117 321 265 410 probibet
287 321 361 408 quin
385 322 633 388 constitutionem
660 322 789 408 figurae,
804 341 884 408 quae
907 322 960 390 dat
975 346 1045 412 spe-

118 413 201 478 ciem
224 412 360 495 imagini,
383 425 588 496 consequatur
611 412 712 497 aliqua
730 413 826 478 uirtus
850 432 887 478 ex
910 413 1044 480 inlluen·

120 502 162 565 tia
186 501 320 580 caelesti,
344 521 406 564 non
442 497 612 564 seeundum
647 501 732 586 quod
767 501 865 585 figure
900 515 956 583 est,
990 504 1044 569 sed

118 590 291 654 seeundum
330 587 413 674 quod
451 603 557 653 causat
591 591 726 670 speeiem
762 589 927 666 artificiali,
961 593 1045 678 quod

118 678 298 766 adipiscitur
320 679 464 744 virtutem
488 699 525 742 ex
549 679 656 744 stellis.
681 679 741 770 Sed
759 679 917 745 delitteris
934 682 1045 766 quibus

118 767 296 834 inscribitur
319 767 433 853 aliquid
456 767 487 831 in
513 767 648 851 imagine
671 769 719 834 vel
736 768 802 833 aliis
815 769 1046 836 characteribus

119 857 198 926 nihil
222 856 305 922 aliud
330 871 428 944 potest
450 856 510 922 dici
534 879 626 943 quam
652 858 734 942 qnod
759 860 847 942 signa
864 872 946 934 sunt;
962 859 1045 926 unde

119 966 183 1011 non
209 946 324 1012 habent
347 945 487 1011 ordinem
513 949 570 1011 nisi
595 947 634 1012 ad
669 947 812 1032 aliquem·
843 947 1044 1014 intellectum.

121 1033 214 1117 Quod
238 1036 330 1100 etiam
354 1035 526 1100 ostenditur
556 1057 612 1122 per
642 1037 802 1114 sacrificia,
826 1039 1046 1124 prostrationes

122 1137 153 1188 et
176 1124 235 1189 alia
259 1125 436 1209 hujusmodi
462 1124 574 1210 quibus
590 1139 730 1204 utuntur,
746 1146 826 1211 quae
840 1147 901 1191 non
918 1141 1046 1214 possunt

120 1233 190 1278 esse
215 1214 272 1278 nisi
297 1215 385 1298 signa
409 1215 601 1280 reuerentiae
624 1215 778 1281 exhibitae
802 1215 894 1282 alicui
929 1217 1046 1282 intelle·

119 1301 213 1366 otaali
236 1316 374 1368 naturae.

436 1481 610 1548 CAPUT
646 1481 721 1548 cvl.

163 1659 255 1738 Quod
283 1659 458 1724 substantio
486 1661 705 1726 intellectualia
728 1680 807 1744 quoe
829 1661 999 1744 efficacium

218 1760 361 1832 praestat
382 1750 511 1834 mupict‘a
533 1749 678 1834 operibus
700 1769 760 1814 uon
783 1761 830 1814 ert
854 1750 943 1816 bono.

188 1925 237 1989 Est
260 1938 362 1991 autem
395 1927 523 1994 ulterius
553 1927 772 2014 inquirendum
804 1948 884 2014 quae
907 1929 946 1994 sit
968 1929 1045 1996 haec

122 2014 336 2080 intellectualis
371 2030 477 2082 natura
506 2019 594 2104 cujus
617 2019 728 2082 virtute
751 2017 827 2082 tales
850 2019 1045 2104 operationes

120 2103 209 2168 liunt.
235 2103 269 2167 Et
292 2105 392 2188 primo
416 2106 543 2191 quidam
568 2110 694 2194 apparet
718 2107 802 2193 quod
825 2127 890 2172 non
909 2109 947 2172 sit
963 2107 1044 2173 bona

119 2205 151 2256 et
174 2191 346 2258 laudabilis.

187 2281 346 2346 Praestare
369 2283 452 2346 enim
476 2283 679 2368 patrocinium
698 2283 852 2368 aliquibus
876 2297 1045 2370 quaesunt

120 2371 273 2436 contraria
299 2372 400 2436 virtuti
425 2393 488 2436 non
519 2385 565 2436 est
599 2372 726 2456 alicujus
760 2373 933 2438 intellectus
964 2372 1044 2438 bene

121 2455 269 2545 dispositi.
295 2459 357 2525 lloc
381 2475 482 2525 autern
508 2461 540 2524 srt
564 2481 599 2525 ex
624 2459 942 2544 brrjnsmodiartibus3
966 2461 1044 2528 liunt

122 2548 205 2612 enim
230 2548 415 2635 plerumque
440 2549 600 2624 adulteria,
624 2549 715 2628 lurra,
739 2550 917 2630 homicidia,
932 2565 962 2617 et
984 2550 1044 2616 alia

121 2635 302 2720 hujusmodi
326 2638 480 2704 maleficia
509 2653 723 2724 procurantem
747 2639 830 2703 unde
853 2653 973 2705 utentes
996 2639 1044 2704 bis

121 2725 239 2790 artibus
264 2729 398 2814 malefici
434 2743 593 2792 vocantur.
617 2728 683 2793 Non
709 2741 754 2792 est
779 2747 853 2811 ergo
879 2728 959 2793 bene
982 2729 1043 2794 dis-

121 2815 232 2899 posita,
256 2816 427 2882 secundum
452 2817 605 2890 uirtutem,
629 2815 841 2882 intellectualis
869 2830 977 2882 natura
992 2838 1043 2884 cu·
1104 2849 1108 2853 ·

118 2902 170 2990 jus
194 2905 309 2969 auxilio
334 2904 510 2990 hujusmodi
536 2922 616 2970 artes
639 2907 819 2972 innituntur.

189 2992 277 3072 ltem,
289 2994 355 3058 Non
369 3008 414 3058 est
432 2994 602 3060 intellectus
619 2993 698 3059 bene
710 2993 860 3079 dispositi,
872 2993 1043 3059 secundum
1154 3063 1155 3068 ,

15 3151 20 3160 Ι
104 3081 277 3161 .virtutem,
301 3083 482 3148 familiarem
507 3103 574 3148 esse
605 3097 635 3146 et
659 3082 861 3170 patrocinium
898 3083 1045 3147 exhibere

122 3171 291 3248 sceleratis,
314 3193 376 3236 aon
400 3172 587 3258 quibuslibet
610 3173 732 3257 optimis
756 3171 836 3236 viris.
862 3169 1045 3256 llojusmodi

122 3271 227 3324 autem
251 3261 367 3326 artibus
390 3275 517 3325 utuntur
534 3261 716 3348 plerumque
738 3259 880 3326 lramines
896 3259 1044 3326 scelerati.

123 3345 191 3412 Non
215 3362 261 3414 est
295 3350 387 3434 igitur
421 3349 631 3414 intellectualis
666 3366 774 3414 natura
809 3348 897 3434 cujus
932 3349 1045 3412 auxilio

124 3435 183 3500 bae
206 3451 287 3503 artes
309 3437 474 3505 efficaciam
488 3437 602 3518 babent
615 3440 694 3504 bene
710 3438 855 3526 disposita
872 3437 1043 3504 secundum

124 3539 278 3592 virtutem.
