2494 3970
292 305 295 311 ,
388 261 443 306 trra.
468 261 509 305 ru.
533 260 596 305 car.
621 261 657 306 rr.
682 261 761 304 arv.
986 241 1025 305 17

112 349 204 394 omne
227 348 322 415 agens
345 344 376 394 et
399 351 526 396 movens
550 329 688 395 intendat
710 330 748 394 ad
766 331 892 408 bouum,
911 329 1027 396 malurn

108 420 251 504 provenit
275 433 395 507 praeter
418 420 619 484 intentionem
643 421 771 504 agentis.

174 507 322 595 Amplius,
346 509 380 574 in
403 508 565 594 agentibus
588 507 644 593 par
667 507 856 574 intellectura
888 521 918 573 et
940 508 1030 572 aesti-

104 597 276 662 mationem
307 617 546 684 quamcumque,
581 596 710 662 intentio
749 597 887 683 sequitur
921 615 1030 683 appre-

104 685 301 766 hensionem3
325 687 356 752 in
378 686 455 752 iliud
478 686 562 750 enirn
585 685 684 750 tendit
706 686 834 752 intentio
870 685 952 773 quod
976 706 1029 772 ap·

102 774 309 858 prehenditur
332 790 365 840 ut
388 775 468 840 iinis.
492 774 523 840 Si
547 794 623 860 ergo
645 776 841 861 perveniatur
856 775 895 840 ad
912 775 1027 860 aliquid

102 863 192 947 quod
214 883 277 930 non
301 865 395 930 habet
417 865 551 951 speciem
575 861 812 950 apprehensam,
834 866 891 929 erit
907 877 1043 951 praetert

102 952 321 1032 intentionem3
344 955 421 1019 sicut
444 954 470 1018 si
493 953 602 1040 aliquis
625 953 762 1020 intendat
785 953 949 1018 comedere
966 955 1027 1018 mei

102 1055 135 1104 et
160 1041 303 1108 comedat
325 1039 377 1120 iel,
399 1042 529 1108 credens
552 1040 628 1107 iliud
663 1059 731 1108 ease
766 1041 838 1120 mel,
873 1043 933 1108 boc
970 1043 1028 1106 erit

99 1143 230 1213 praeter
252 1131 465 1197 intentionum.
490 1130 550 1196 Sed
574 1151 667 1196 omne
690 1151 785 1216 agens
813 1151 869 1218 per
905 1131 1026 1196 intelie-

100 1232 201 1296 ctnm,
221 1219 350 1284 intendit
372 1219 487 1306 aliquid
511 1219 682 1286 secundum
706 1220 789 1307 quod
814 1221 923 1308 accipit
946 1219 1020 1286 iliud

100 1307 163 1372 sub
187 1310 305 1374 ratione
328 1309 412 1384 boni,
435 1311 513 1374 siout
536 1329 572 1374 ex
595 1309 805 1395 superioribus
821 1313 864 1396 (c.
881 1311 917 1396 5)
934 1323 1025 1396 patet;

99 1396 126 1459 si
153 1417 229 1482 ergo
252 1398 327 1464 illud
351 1419 412 1463 non
436 1399 475 1463 sit
497 1399 625 1471 bonum,
648 1397 703 1462 sed
728 1398 855 1476 maium,
880 1400 939 1464 hoc
967 1401 1026 1463 erit

99 1500 226 1569 praeter
248 1488 459 1552 intentionem.
482 1487 583 1572 Agens
606 1487 698 1571 igitur
734 1507 791 1574 per
825 1487 1025 1565 intellectum,

98 1595 165 1638 non
191 1589 336 1661 operatur
357 1575 474 1642 malurn
499 1576 555 1640 nisi
579 1588 700 1662 praeter
723 1575 934 1641 intentionem.

168 1663 245 1732 Cum
270 1666 361 1750 igitur
385 1663 512 1730 tendere
551 1665 589 1730 ad
628 1665 745 1730 bonum
782 1666 819 1730 sit
858 1685 1024 1730 commune

98 1755 205 1838 agenti
229 1774 284 1838 per
306 1753 495 1820 intellectum
519 1767 549 1818 et
573 1771 628 1839 per
651 1767 803 1832 naturam,
827 1753 944 1819 maium
961 1775 1023 1820 non

97 1844 302 1928 consequitur
329 1863 366 1908 ex
389 1843 562 1908 intentione
579 1841 707 1927 alicujus
723 1845 849 1928 agentis,
866 1843 922 1908 cisi
936 1865 1023 1930 prae-

99 1945 150 1994 ter
174 1932 387 1998 intentionem.
412 1931 489 1996 Hinc
511 1945 557 1996 est
579 1931 662 2016 quod
685 1931 851 2017 Dionysius
874 1932 946 1998 dicit
970 1934 1024 2022 (de

98 2019 203 2084 Divin.
228 2020 362 2097 Nomio,
385 2041 412 2084 c.
437 2021 458 2084 d
481 2022 540 2087 sub
563 2019 727 2106 fin.)quod
744 2023 862 2108 mulctra
878 2033 1025 2106 estprae-

100 2121 149 2172 ter
170 2109 369 2174 intentionem
392 2121 422 2174 ct
443 2113 642 2175 veluntatem.

439 2229 611 2297 CAPUT
646 2229 683 2297 V.

192 2337 338 2404 Rationes
361 2349 469 2403 contra
492 2337 731 2403 determinatam
764 2339 933 2403 ceritatem.

167 2460 245 2530 Sunt
269 2474 372 2525 autem
395 2459 548 2546 quaedam
571 2479 651 2546 quae
675 2459 746 2524 huic
772 2462 940 2526 sentcntiae
968 2463 1021 2527 ad-

99 2549 215 2634 uersari
240 2549 390 2616 videntur.

164 2636 256 2719 Quod
279 2639 363 2704 enirn
387 2637 497 2703 accidit
520 2651 640 2725 praeter
665 2636 866 2703 intentionem
901 2643 1021 2724 agentis

98 2722 212 2792 dicitur
233 2747 302 2792 esse
325 2725 485 2792 fortuitum
508 2743 539 2792 et
561 2723 683 2792 casuale
706 2739 737 2790 ct
759 2728 789 2790 in
823 2729 1020 2814 paucioribus

99 2815 252 2880 accidens.
276 2815 389 2883 Malum
413 2831 517 2882 auteur
540 2815 606 2880 fieri
630 2814 826 2882 condicitur
859 2813 1020 2883 fortuitum

100 2916 133 2966 ct
162 2904 282 2970 casuale
306 2925 407 2991 neque
431 2919 463 2972 ut
488 2907 518 2970 in
553 2903 747 2990 paucioribus
786 2904 939 2985 accidens,
966 2908 1019 2972 sed

99 3010 225 3080 sempor
248 2992 294 3060 vel
318 2994 350 3058 in
375 2994 525 3081 pluribust
550 2995 580 3058 in
602 2991 793 3058 naturalibus
823 2993 907 3058 enim
939 3015 1020 3060 sem-

100 3099 156 3166 per
178 3082 369 3167 garrerationi
393 3085 549 3168 corruptio
572 3082 759 3166 adjungitur
792 3080 823 3147 in
858 3084 1020 3167 agentibus

99 3169 193 3241 etiem
218 3190 272 3257 per
295 3173 484 3236 voluntatem
508 3171 539 3236 in
562 3170 700 3257 pluribus
724 3183 884 3256 peccatum
901 3174 1019 3251 accidit,

98 3251 177 3324 cum*
194 3259 318 3326 difficile
340 3261 379 3324 sit
408 3260 579 3326 secundum
616 3260 762 3326 virtutem
801 3274 904 3344 agere,
942 3265 1020 3328 sicut
1129 3257 1131 3261 ’

98 3347 251 3434 attingere
273 3361 413 3416 centrum
437 3349 467 3414 in
499 3347 625 3426 circuio,
663 3360 696 3412 ut
733 3337 807 3416 dicit
844 3351 1020 3416 Aristoteles

100 3436 227 3521 (Etbic.
251 3437 283 3516 2,
305 3457 332 3504 c.
356 3437 417 3521 9).
440 3437 507 3502 Non
531 3437 623 3522 igitur
647 3436 766 3504 ridetur
800 3439 916 3506 maium
953 3461 1020 3506 esse
1099 3523 1100 3526 Ἴ

99 3527 287 3613 proveniens
311 3539 431 3613 praeter
454 3527 665 3600 intentionem.

191 3614 221 3681 S.
251 3616 304 3680 rt.
331 3615 476 3682 &retentae
500 3616 578 3682 Pttt.
603 3615 637 3684 V.
664 3617 694 3681 ᾖ.
933 3620 953 3683 2
