2514 3972
152 227 155 236 '
245 223 311 294 tto
555 247 610 292 ιιι.
634 247 675 292 ιιι.
699 245 763 292 ιιι.
793 243 863 293 ιιιι.

557 375 730 471 curun
765 402 854 470 ιιι.

278 581 367 663 Quot
389 591 549 648 creaturae
572 581 745 646 rationales
767 578 979 666 puberunutur
998 591 1122 665 propter

367 672 498 756 sciptor,
521 671 605 736 oliuo
626 689 698 736 ocro
720 671 754 736 iu
776 669 884 735 ordine
907 669 951 734 od
974 687 1038 734 eoa.

305 847 443 914 Primum
467 847 570 934 igitur,
593 847 658 933 ipsa
680 846 814 932 cognitio
838 846 1052 913 intellectualis
1074 857 1156 912 natu·

241 953 308 1014 rae,
330 937 500 1003 secundum
524 955 617 1023 quam
652 953 697 1003 eat
720 935 845 1002 domina
868 937 916 1002 sui
938 949 1039 1014 actus,
1061 935 1154 1023 provi·

155 1045 159 1054 ·
241 1023 363 1091 dentiae
386 1045 493 1092 curam
524 1027 662 1112 requirit,
688 1024 829 1114 quesibi
854 1039 981 1110 propter
1003 1045 1038 1090 ae
1060 1023 1153 1110 proti·

240 1111 361 1191 eleatem
390 1115 522 1180 aliorum
559 1134 632 1180 vero
670 1115 816 1188 conditio,
854 1134 935 1200 quae
970 1134 1034 1180 non
1070 1111 1152 1178 babet

240 1199 413 1269 dominium
436 1204 483 1269 aui
509 1217 604 1282 actua,
629 1204 687 1270 boo
704 1203 816 1269 iudicat
838 1204 920 1289 quod
937 1203 983 1268 cis
1008 1223 1069 1268 uon
1091 1221 1151 1288 pro·

240 1304 310 1376 pter
323 1293 387 1378 ipsa
398 1313 471 1358 nuru
484 1293 691 1378 impendatur,
705 1292 760 1358 sed
776 1291 859 1356 uelut
876 1291 988 1357 adalia
1005 1290 1155 1356 ordinatis.

238 1413 241 1419 Δ
306 1377 398 1462 Quod
422 1381 504 1446 euim
528 1381 567 1446 ab
596 1381 695 1456 altero
718 1393 835 1446 tantum
873 1382 975 1465 agitur
1012 1381 1153 1445 rationem

238 1467 433 1535 instrumenti
472 1470 574 1546 babet,
608 1471 692 1556 quod
716 1489 788 1534 vero
823 1487 878 1554 per
901 1489 935 1534 se
973 1469 1038 1555 agit
1072 1467 1154 1534 babet

238 1557 391 1624 rationem
415 1558 591 1646 principalis
621 1560 749 1644 agentis.
784 1557 1032 1624 instrumentum
1056 1569 1151 1622 aratam

238 1667 302 1711 non
326 1649 484 1733 quaeritur
510 1661 636 1735 propter
669 1649 815 1734 seipsum,
837 1647 893 1712 sed
917 1660 950 1714 ut
984 1667 1024 1712 eo
1052 1644 1153 1733 princi-

237 1735 309 1820 pale
330 1755 426 1821 agens
449 1751 561 1816 utatur3
584 1735 667 1802 uude
698 1749 819 1822 oportet
840 1734 924 1821 quod
959 1735 1063 1801 omnis
1085 1753 1150 1820 ope·

237 1825 365 1889 rationis
388 1824 546 1910 diligentia
569 1846 649 1912 quac
672 1826 752 1891 circu
770 1826 972 1890 instrumenta
997 1823 1151 1890 adhibetur

236 1911 277 1976 ud
301 1911 472 2000 principale
496 1933 590 1998 agens
614 1913 764 1980 celeratur
786 1913 864 1979 siout
887 1912 926 1978 ad
944 1912 1050 1978 linem.
1068 1908 1150 1994 Quod

237 2012 341 2066 autem
365 2002 446 2066 cirea
471 2003 637 2088 principale
668 2023 764 2088 agene
787 2002 833 2068 vel
869 2001 910 2067 ab
939 2003 1006 2088 ipso
1042 2002 1089 2067 uel
1119 1998 1151 2064 ab

236 2088 298 2154 alio
336 2088 510 2170 adhibetur,
548 2092 729 2176 inquantum
768 2105 815 2158 est
848 2089 1021 2179 principale
1056 2107 1152 2175 agent,

234 2190 364 2264 propter
396 2179 496 2266 ipsum
514 2193 569 2245 eat.
584 2180 799 2266 Disponuntur
820 2200 896 2265 ergo
913 2200 929 2244 a
946 2179 1014 2244 Deo
1042 2177 1151 2244 intelle·

235 2266 351 2333 ctuales
373 2282 532 2334 creaturae
554 2270 641 2354 quasi
665 2283 790 2356 propter
812 2289 846 2334 se
869 2281 1053 2356 procuratae
1075 2285 1170 2353 crcu-x

235 2368 323 2508 piarat
347 2375 419 2422 vero
443 2355 521 2422 aliae
542 2358 628 2444 quasi
652 2358 691 2422 ad
725 2357 891 2425 rationales
914 2371 1073 2423 creaturas
1107 2375 1150 2420 or·

258 2457 372 2509 enatae.

299 2532 418 2610 Adbuc,
441 2531 533 2615 Quod
556 2531 730 2598 dominium
746 2535 793 2599 sui
809 2547 894 2600 actus
910 2534 1004 2600 babet
1018 2534 1147 2601 liberum

233 2634 280 2687 att
304 2622 334 2686 in
358 2623 490 2707 agendo,
512 2621 590 2687 liber
612 2623 694 2687 cuim
723 2636 769 2688 eat
793 2624 844 2710 qui
875 2624 923 2689 aui
961 2644 1054 2689 causa
1088 2633 1149 2697 ειη

231 2709 317 2798 quod
344 2721 448 2776 autem
472 2709 604 2796 quadam
641 2711 821 2777 necestitate
844 2711 884 2777 ab
907 2711 967 2776 alio
991 2713 1093 2797 agitur
1114 2709 1147 2774 ad

233 2799 437 2886 operandum,
453 2799 589 2865 servituti
605 2799 777 2884 subjectum
794 2814 848 2866 eat.
866 2798 975 2866 Omnia
991 2801 1084 2885 igitur
1095 2799 1148 2864 alia

233 2902 374 2954 creatura
397 2887 579 2954 naturaiiter
594 2890 733 2954 servituti
755 2888 892 2975 subjecta
916 2901 972 2968 est,
992 2889 1058 2954 sola
1082 2906 1148 2954 vero

230 2991 340 3042 natura
354 2977 564 3042 intellectualis
588 2976 682 3044 libera
706 2990 762 3043 est.
786 2978 819 3042 lu
836 2977 1086 3064 quolibetautcm
1102 2995 1147 3040 re·

230 3066 357 3150 ginniac,
386 3065 491 3132 liberie
525 3067 703 3152 providetur
740 3080 865 3153 propter
899 3067 1027 3152 seipsos,
1056 3062 1146 3132 servis

229 3167 334 3219 autem
359 3168 392 3219 ut
413 3155 473 3218 sint
496 3155 527 3219 in
551 3175 640 3220 usum
680 3155 859 3220 liberorum.
893 3154 943 3220 Sic
972 3156 1064 3240 igitur
1096 3172 1146 3240 per

230 3244 367 3308 divinam
391 3243 614 3329 prouideruium
638 3243 895 3310 intellectualibus
911 3245 1059 3310 creaturis
1082 3260 1147 3329 pro·

228 3332 347 3398 uidetur
371 3347 495 3420 propter
516 3353 550 3398 se
572 3333 703 3398 caeteris
726 3346 830 3398 autem
853 3333 1002 3400 creaturis
1026 3343 1144 3422 pmpter

230 3421 398 3507 ipsas·(l).

282 3524 319 3594 ti)
338 3523 422 3593 iprae,
441 3525 459 3577 i.
477 3540 501 3580 e.
518 3525 706 3592 intellectuales
723 3531 866 3598 creaturan.
