2494 3970
179 196 222 260 28
512 215 568 260 ura.
593 216 633 262 m.
658 214 720 260 can.
741 215 785 260 ιιι.

181 285 276 362 bono,
307 303 344 348 ex
381 305 445 370 quo
468 299 576 370 quarta
600 285 677 352 ratio
701 282 896 370 procedebat.
921 283 1097 350 Secundum

181 374 264 438 enim
288 373 370 459 quod
394 372 512 440 lormae
535 389 565 439 et
588 375 641 441 lini
679 393 759 458 quae
793 372 909 438 habent
946 374 1098 439 rationem

182 463 255 528 boui
293 475 323 526 et
360 476 431 527 sunt
468 464 579 548 agendi
614 483 685 529 uera
715 461 864 549 principia
888 467 934 528 est
955 461 1106 548 adjuncta-

183 551 311 637 privatio
333 551 504 617 contrariae
522 551 639 618 lormae
655 565 686 616 et
701 551 770 617 linis
782 551 926 616 contrarii
942 547 1005 640 (l),
1020 553 1101 622 actio

183 659 262 726 quae
285 641 422 725 sequitur
444 661 482 709 ex
508 641 558 706 tali
583 641 683 707 lorma
708 655 739 706 et
761 641 813 706 tali
838 639 899 705 fine
926 641 1103 708 attribuitur

183 729 343 816 privationi
366 743 397 794 et
420 731 512 806 malo,
528 751 591 816 per
614 729 757 798 accidens
780 729 919 816 quidem;
942 752 1015 796 nam
1039 731 1100 818 pri·

182 820 272 894 vatio,
295 819 465 884 secundum
489 819 572 906 quod
607 818 796 906 hujusmodi,
819 833 951 884 nonest
972 818 1101 904 alicujus

183 908 309 972 actionis
333 907 527 994 principium.
552 908 682 995 Propter
703 908 787 994 quod
811 909 891 974 bene
918 907 992 974 dicit
1028 909 1102 974 Dio-

184 999 288 1082 nysius
311 996 366 1080 (da
388 996 489 1062 Dirin.
513 997 648 1076 Nomia,
671 1020 697 1064 r..
721 993 754 1078 la)
780 997 865 1084 quod
890 998 1008 1064 mulum
1039 1017 1103 1063 non

185 1099 300 1171 pugnat
322 1100 428 1150 eontra
452 1087 568 1152 bonurn
591 1087 649 1152 nisi
687 1087 798 1152 uirtute
820 1086 905 1164 boni3
929 1087 1102 1154 secundum

185 1195 219 1239 se
253 1195 326 1238 uero
361 1187 407 1238 est
444 1176 596 1262 impotens
629 1189 660 1242 et
681 1176 839 1242 inlirmum
862 1177 948 1262 quasi
987 1176 1103 1241 nullius

187 1263 314 1328 actionis
338 1263 532 1352 principium.
556 1265 670 1330 llalum
683 1285 757 1330 nero
773 1285 974 1351 corrumpere
990 1265 1102 1331 dicitur

188 1354 316 1426 bonum,
340 1373 402 1418 non
424 1353 525 1418 solum
550 1355 670 1438 agendo
694 1355 807 1420 uirtute
828 1354 913 1432 boni,
935 1355 1014 1420 siout
1051 1373 1104 1419 ex·

188 1441 321 1528 positum
344 1455 400 1520 est,
422 1441 476 1508 sed
500 1441 670 1508 formaliter
691 1443 862 1510 secundum
886 1464 931 1520 se3
959 1443 1037 1508 sicut
1059 1443 1106 1508 di-

188 1531 267 1596 citur
290 1531 419 1596 caecitas
442 1551 643 1618 corrumpere
666 1533 777 1611 uisum,
800 1534 871 1619 quia
895 1547 941 1598 est
962 1533 1027 1619 ipsa
1062 1533 1108 1596 ui-

190 1641 241 1684 sus
279 1621 446 1706 corrupti03
485 1640 540 1706 per
578 1641 670 1706 quem
695 1621 824 1686 modum
864 1622 974 1687 dicitur
998 1620 1109 1686 albedo

191 1710 339 1795 parietem
362 1709 511 1788 colorare,
535 1711 606 1795 quia
630 1711 695 1794 ipsa
719 1725 765 1775 est
787 1712 911 1798 parietis
934 1710 1028 1778 color.

256 1797 377 1862 Dicitur
400 1812 503 1863 autem
536 1799 651 1884 aliquid
675 1798 772 1864 altero
809 1801 909 1884 magis
944 1813 975 1864 et
1009 1797 1111 1864 miuus

193 1886 310 1952 malum
334 1905 389 1972 per
411 1906 567 1952 recessum
603 1908 619 1952 a
644 1888 737 1954 buno.
760 1888 810 1955 Sic
830 1891 914 1954 enim
937 1909 1017 1975 quae
1050 1887 1112 1973 pri-

196 1977 351 2042 vationem
375 1975 544 2062 important
567 1975 769 2042 intenduntur
792 1991 822 2044 et
851 1978 1051 2044 remittuntur
1074 1977 1116 2041 si·

195 2080 246 2130 unt
280 2063 442 2148 inaequale
465 2079 496 2129 et
532 2064 691 2130 dissimile:
714 2065 929 2132 diciturenim
969 2067 1115 2152 inaequa-

195 2154 253 2218 lius
276 2153 360 2239 quud
390 2167 437 2218 est
460 2152 499 2218 ab
523 2155 708 2239 aequalitate
731 2158 829 2240 magis
851 2156 977 2234 distans,
1015 2169 1046 2219 et
1077 2153 1117 2218 si·

195 2243 309 2314 militer
332 2241 510 2308 dissimilius
533 2245 632 2328 magis
671 2265 688 2308 a
722 2245 922 2310 similitudine
957 2243 1116 2310 recedens.

196 2332 283 2398 Unde
317 2345 348 2396 et
386 2333 482 2417 magis
521 2333 637 2398 malum
676 2333 786 2399 dicitur
822 2333 904 2419 quod
939 2347 986 2398 est
1019 2334 1117 2415 magis

197 2423 349 2508 privatum
384 2421 582 2508 bono‚quasi
607 2422 705 2506 magis
739 2423 863 2488 abono
887 2422 1011 2488 distans.
1051 2420 1117 2485 Pri-

198 2512 336 2574 uationes
363 2511 447 2576 enirn
483 2531 545 2576 non
579 2509 783 2576 intenduntur
805 2513 892 2597 quasi
916 2511 1050 2598 aliquam
1073 2529 1118 2574 es·

195 2599 327 2664 sentiam
368 2599 528 2676 babentes,
549 2600 628 2664 sicut
650 2599 848 2684 aequalitates
871 2613 901 2664 et
923 2598 1053 2674 formae,
1087 2611 1119 2663 ut

197 2689 304 2775 quinta
327 2688 417 2754 ratio
430 2687 626 2774 procedebat,
637 2687 692 2752 scd
706 2708 760 2774 per
795 2702 997 2773 augmentum
1008 2707 1119 2754 causae

198 2779 357 2866 privantia,
395 2777 472 2842 siout
508 2797 561 2842 aer
586 2790 670 2846 tanto
698 2776 891 2844 tenebrosior
926 2792 972 2843 est
1005 2789 1120 2862 quanto

200 2867 289 2954 plura
312 2865 427 2932 luerint
449 2866 627 2953 interposita
650 2865 808 2932 obstacula
834 2867 922 2944 lucis;
958 2867 1001 2932 sia
1037 2864 1120 2930 enirn

202 2957 324 3040 lougius
347 2977 364 3020 a
388 2954 465 3022 lueis
488 2955 720 3042 participatione
743 2956 844 3022 distat.

269 3045 387 3110 Dicitur
410 3043 503 3108 etiam
527 3044 644 3110 malnm
668 3064 737 3110 esse
760 3045 791 3110 in
815 3043 933 3110 mundo
949 3063 1012 3108 non
1036 3041 1121 3128 quasi

201 3135 368 3200 essentiam
391 3133 527 3221 aliquam
552 3134 664 3199 babeat
686 3133 735 3198 uel
759 3153 808 3200 res
834 3132 988 3220 quaedam
1005 3131 1122 3208 existat,

256 3293 296 3365 ll)
313 3293 430 3347 Priuatr'o
448 3296 594 3346 contrarius
611 3293 761 3364 formum...
780 3291 797 3342 i.
815 3306 838 3342 e·
853 3288 970 3359 privatio
987 3303 1055 3356 quae
1084 3292 1122 3338 est
1234 3323 1235 3344 p

165 3421 168 3432 ,
205 3381 253 3436 per
280 3366 438 3418 contrariam
467 3364 587 3430 formam,
616 3380 662 3416 scu
691 3363 794 3432 negatio
827 3361 935 3416 alterins
963 3357 1071 3424 formae,
1091 3363 1120 3409 ut

202 3437 312 3490 caecitas
330 3443 370 3488 est
388 3435 472 3490 forma
490 3437 622 3490 contraria
639 3435 739 3489 visivaa
768 3431 895 3500 facultati,
914 3431 956 3486 uel
974 3432 1064 3504 potins
1080 3443 1124 3482 ne·

206 3510 280 3580 gartio
297 3508 364 3579 ojus.
389 3533 391 3540 v
1048 3533 1049 3538 κ
1073 3531 1079 3538 --
