2462 3968
199 275 266 341 ⁴278
516 297 571 342 tta.
596 299 638 342 ut.
663 297 726 343 can.
750 298 819 342 xctt.

197 366 292 430 horno
316 377 346 430 et
369 364 449 430 bene
472 381 561 431 natus
585 380 615 431 et
640 367 719 432 bene
743 366 915 433 fortunatus
942 377 987 432 est
1010 385 1028 431 a
1051 363 1123 430 Deo

195 455 384 540 gubernatus
408 469 438 520 et
462 455 500 520 ab
517 455 640 540 Angelis
661 457 851 522 eustoditus.

262 543 466 628 Consequitur
489 558 592 609 autent
630 565 667 610 ex
704 544 916 629 superioribus
951 542 1052 608 causis
1089 555 1121 607 et

195 631 279 698 aliud
302 634 451 698 auxilium
465 647 614 719 quantum
639 634 678 699 ad
696 634 795 698 exitus
809 655 936 698 suarum
949 632 1121 696 actionum.

195 720 272 786 Cum
295 722 378 788 enim
403 723 498 788 bomo
522 736 552 788 et
568 721 683 806 eligere
702 722 814 788 lrabeat
830 735 860 786 et
876 722 1020 808 prosequi
1033 720 1120 806 quod

194 810 289 895 eligit,
312 810 343 875 in
367 823 538 896 utroquea
573 813 672 877 causis
710 811 920 897 superioribas
954 809 1121 893 adjuvatur

193 898 349 964 interdum
374 914 403 965 et
426 899 602 986 impeditur:
626 900 798 983 seeundum
833 899 1016 964 electionem
1050 897 1122 983 qui-

194 987 266 1054 dem
290 1000 323 1054 ut
346 988 533 1065 dictumest,
557 991 738 1076 inquantum
763 989 859 1053 homo
881 988 929 1053 vel
945 986 1121 1072 disponitur

195 1078 234 1140 ad
257 1077 372 1163 aliquid
406 1077 582 1162 eligendum
617 1099 671 1164 per
709 1077 852 1143 eoelestia
886 1096 1028 1162 corpora,
1067 1074 1118 1140 vel

191 1165 361 1230 illustratur
385 1187 439 1252 per
462 1168 648 1251 Angelorum
673 1167 855 1245 custodiam,
879 1165 1044 1230 ueletiam
1070 1165 1118 1228 in-

191 1254 323 1320 clinatur
346 1275 401 1341 per
438 1258 648 1343 operationem
685 1255 832 1332 divinam;
869 1253 1043 1320 seeundum
1081 1272 1117 1316 e·

190 1345 385 1409 xeeutionem
410 1365 494 1423 vero,
523 1346 705 1431 inquantum
730 1347 825 1410 bomo
852 1342 1053 1428 consequitur
1076 1361 1117 1407 ex

192 1432 293 1518 aliqua
315 1435 467 1518 superiori
490 1455 581 1498 eausa
607 1434 755 1499 roboret
792 1431 958 1497 efficaciam
982 1430 1022 1494 ad
1056 1431 1117 1494 im·

192 1521 340 1599 plendunt
363 1521 447 1607 quod
486 1523 579 1608 eligit;
603 1543 682 1608 quae
709 1522 834 1610 quidem
861 1542 922 1586 non
957 1520 1060 1585 solum
1098 1540 1118 1585 u

191 1608 260 1676 Deo
282 1623 313 1676 et
335 1609 372 1674 ab
396 1612 518 1696 Angelis
541 1633 608 1676 esse
632 1625 732 1698 potest
755 1611 809 1676 sed
833 1611 925 1676 etiam
959 1629 976 1673 a
1000 1627 1120 1694 eorpo-

192 1701 278 1764 ribus
301 1697 495 1774 caelestibus,
520 1702 703 1786 inquantum
727 1701 796 1765 talis
818 1697 954 1764 efficacia
991 1697 1021 1760 in
1047 1717 1120 1761 eor-

192 1809 267 1874 pore
289 1790 344 1851 sita
368 1801 424 1852 est.
447 1790 641 1854 Manifestum
665 1804 710 1856 est
733 1790 816 1854 enim
847 1789 931 1874 quod
966 1787 1059 1852 etiam
1093 1787 1120 1849 i·

192 1877 347 1942 nanimata
370 1897 499 1964 eorpora
524 1879 672 1965 quasdam
697 1879 776 1944 vires
799 1893 828 1942 et
841 1875 992 1942 ellieacias
1015 1894 1120 1938 acae-

192 1964 320 2030 lestibus
343 1968 524 2050 corporibus
547 1982 788 2053 consequuntur,
812 1980 840 2030 et
876 1967 967 2030 etiam
992 1977 1119 2054 praeter

193 2075 245 2120 eas
268 2075 347 2139 quae
370 2057 408 2120 ad
432 2056 591 2142 qualitates
615 2059 726 2121 activas
739 2072 768 2122 et
782 2054 916 2141 passivas
945 2053 1120 2118 elemento·

192 2163 261 2208 rum
286 2160 528 2230 consequuntur,
550 2165 626 2229 quas
650 2147 741 2210 etiam
766 2157 887 2209 nonest
903 2141 1118 2208 dubiumcae·

192 2233 317 2297 lestibus
333 2235 514 2320 corporibus
530 2254 596 2298 esse
613 2234 778 2319 subjectas
790 2235 867 2298 sieut
883 2231 968 2318 quod
984 2249 1118 2313 magnes

180 2321 316 2399 „attrabit
339 2322 454 2386 serrum
468 2323 559 2388 babet
575 2343 611 2387 ex
630 2326 739 2388 virtute
755 2322 892 2388 baelestis
915 2320 1066 2405 eorporis,
1084 2333 1118 2383 et

193 2409 317 2496 lapides·
340 2411 465 2495 quidam
491 2427 520 2476 et
544 2412 659 2478 herbae
698 2411 772 2476 alias
808 2410 942 2480 occultas
977 2409 1116 2472 virtutes.

194 2497 280 2563 Unde
303 2499 379 2564 nihil
402 2501 546 2587 probibet
568 2502 652 2585 quod
676 2502 767 2566 etiam
791 2499 902 2585 aliquis
936 2497 1031 2562 bomo
1056 2495 1115 2560 ba·

192 2587 273 2665 beat,
290 2607 326 2652 ex
349 2589 553 2676 impressione
576 2591 713 2676 eorporis
736 2589 886 2666 caelestis,
908 2586 1042 2671 aliquam
1068 2584 1118 2648 el·
1228 2609 1229 2630 t

193 2676 329 2742 [ieaelam
354 2679 385 2742 in
409 2678 561 2762 aliquibus
589 2680 733 2766 operibus
757 2673 1114 2760 laeiendis,quamalius

193 2787 257 2831 non
281 2766 382 2843 ltabet;
407 2782 478 2852 pute
503 2767 640 2832 medieus
664 2769 694 2832 in
733 2765 871 2832 sanando
908 2779 938 2828 et
975 2763 1114 2846 agricola

193 2855 226 2920 in
249 2855 415 2942 plantando
438 2869 468 2919 et
491 2857 578 2921 miles
603 2858 632 2920 in
657 2855 874 2940 expugnando.
898 2853 981 2918 llnne
1008 2865 1115 2916 autem

194 2943 362 3018 efficaciam
387 2945 485 3010 multo
508 2945 669 3032 perfectius
693 2946 776 3010 Deus
806 2941 983 3008 hominibus
1020 2939 1115 3026 largi-

195 3048 244 3097 tur
267 3033 305 3098 ad
329 3055 383 3098 sua
407 3054 500 3120 opera
524 3034 690 3100 eslieaeiter
728 3031 917 3119 exequenda.
954 3030 1115 3111 Quantum

192 3142 267 3206 ergo
290 3123 328 3186 ad
352 3123 487 3208 primum
511 3123 669 3198 auxilium,
692 3123 775 3209 quod
810 3134 855 3186 est
889 3119 920 3183 in
958 3117 1114 3202 eligendo,

190 3211 301 3274 dieitur
323 3212 407 3276 Deus
433 3212 592 3277 bominem
617 3213 761 3296 dirigere
784 3223 934 3296 quantum
976 3227 1050 3270 tero
1074 3208 1113 3270 ad

188 3299 359 3365 seeundum
384 3301 541 3380 auxilium,
578 3301 689 3365 dieitur
728 3301 887 3365 bominem
925 3295 1112 3373 oonlortare,

192 3403 222 3452 et
247 3388 321 3453 haee
345 3390 454 3458 attxilia
479 3403 646 3474 tanguntur
683 3391 775 3454 simul
811 3389 862 3452 ubi
897 3386 1018 3450 dicitur:
1049 3383 1111 3449 Do·

191 3477 295 3539 minua
318 3480 506 3541 illumiaatio
529 3499 598 3542 anea
622 3491 651 3542 et
665 3480 751 3543 salus
774 3497 853 3553 uteo,
876 3496 965 3562 quem
983 3473 1113 3540 timebo?

193 3576 342 3649 quantum
366 3565 404 3628 ad
427 3567 572 3652 primum3
596 3580 634 3630 et:
660 3568 810 3632 ttomtnus
841 3576 998 3650 protector
1030 3566 1113 3630 uitae
