2514 3972
122 323 124 326 ¹
154 326 160 340 ·
403 269 460 316 arn.
483 272 524 316 rn.
549 269 612 318 aar.
635 271 722 319 crrn.
961 252 1037 320 5731

108 345 194 392 enlm
219 335 284 404 avis
306 355 369 404 non
392 341 505 406 nutriat
521 341 599 406 laete
611 342 712 428 pullos
727 338 865 428 (quodin
878 356 1025 429 promptu

107 437 156 490 est
177 425 288 492 veluta
304 439 411 494 natura
427 445 653 518 praeparatum,
675 432 753 497 sicut
775 430 805 494 in
818 429 1026 518 quadrupedi·

108 516 169 582 bus
203 515 338 607 accidit),
373 517 427 582 sed
460 532 601 606 oporteat
624 519 708 607 quod
746 518 850 585 eibum
890 519 1026 586 alienum

108 605 200 692 pullis
223 618 350 690 quaerat
372 617 404 670 et
426 621 547 693 praeter
570 609 629 674 hoe
651 609 684 674 in
707 607 1029 688 cibandoeosfoveat,

108 715 173 759 non
197 695 352 761 sufficeret
373 695 411 760 ad
436 698 495 762 hoo
518 697 582 762 sola
606 697 743 776 femella;
758 695 841 762 unde
864 716 902 762 ex
925 696 1027 763 divina

107 783 301 870 providentia
323 797 369 850 est
392 786 572 852 naturaliter
595 787 728 852 inditum
752 786 841 862 mari,
864 785 895 850 in
913 785 1025 852 talibus

108 872 306 952 animalibus,
330 887 364 940 ut
385 888 579 940 commaneat
601 873 743 940 femellae
759 873 798 940 ad
810 873 1027 940 educationem

106 959 220 1026 foetus.
243 960 435 1028 Manifestum
459 977 506 1029 est·
528 963 748 1052 auremquod,
772 964 803 1028 in
837 964 939 1050 specie
969 963 1027 1030 ltu·

108 1069 216 1128 mana,
239 1050 352 1117 femina
374 1053 502 1117 minime
525 1053 678 1118 sufficeret
701 1053 765 1118 sola
789 1051 827 1117 ad
844 1051 937 1139 prolis
950 1051 1032 1118 edu-

107 1140 276 1218 sationem,
298 1159 369 1206 oum
392 1135 556 1207 necessitas
579 1143 734 1207 humanae
756 1141 835 1206 vitae
859 1141 955 1208 multa
978 1161 1026 1207 re·

108 1227 213 1311 quirat
235 1249 314 1316 quae
337 1248 391 1314 per
415 1251 511 1295 unum
545 1230 646 1296 solurn
675 1229 775 1317 parari
799 1251 861 1296 nou
886 1245 1026 1316 possunt.

109 1317 164 1382 Est
186 1317 279 1401 igitur
300 1319 498 1398 corrueniens,
519 1320 690 1386 secundum
703 1334 843 1386 naturam
860 1319 1028 1386 humanam

109 1421 147 1471 ut
170 1405 265 1472 horno
289 1420 357 1494 post
379 1409 493 1474 coitum
518 1409 639 1474 mulieri
672 1419 867 1475 commaneat
901 1419 932 1474 et
964 1429 1028 1475 non

109 1495 216 1560 statim
239 1496 400 1580 abscedat,
417 1497 626 1562 indifferenter
637 1497 676 1562 ad
699 1515 927 1584 quamcumque
942 1517 1030 1564 aece-

110 1583 204 1662 dens,
226 1585 303 1650 sieut
326 1586 408 1672 apud
432 1584 615 1652 fornicantes
638 1586 758 1652 accidit.
782 1623 826 1634 -
841 1585 908 1650 Non
924 1599 1030 1654 autem

111 1672 187 1738 huie
209 1673 318 1738 rationi
341 1675 441 1739 obstat
464 1675 548 1761 quod
571 1675 672 1761 aliqua
696 1675 809 1740 mulier
831 1675 895 1741 suis
919 1675 1033 1742 divitiis

112 1775 292 1848 potensest
330 1775 363 1828 ut
384 1763 449 1829 sola
474 1763 588 1829 nutriat
622 1764 739 1830 foetum
772 1763 844 1850 quia
883 1763 1033 1830 rectitudo

112 1850 261 1916 naturalis
286 1851 483 1918 inhumanis
506 1853 624 1919 actibus
646 1858 710 1919 no'n
735 1867 780 1919 est
802 1851 973 1918 seeundum
997 1873 1034 1920 ea

114 1959 207 2025 quae,
230 1959 286 2026 per
320 1941 461 2007 accidens
484 1942 665 2028 contingunt
697 1942 729 2007 in
765 1962 828 2006 uno
865 1941 1035 2023 individuo,

115 2027 172 2094 sed
195 2028 366 2094 secundum
383 2049 419 2095 ea
432 2049 511 2116 quae
524 2044 619 2096 totam
641 2032 776 2119 speeiem
793 2045 1036 2117 consequuntur.

183 2115 310 2195 uorsus,
333 2117 598 2184 Considerandum
620 2119 781 2206 estquod,
803 2120 834 2183 in
850 2121 952 2205 speeie
975 2121 1034 2186 hu-

116 2223 220 2284 mana,
243 2206 344 2292 proles
367 2228 429 2272 non
454 2207 569 2292 indiget
602 2209 704 2274 solurn
738 2208 904 2274 nutritione
937 2228 1035 2295 quau·

116 2308 184 2359 tum
207 2294 246 2359 ad
270 2315 392 2382 corpus,
414 2309 447 2361 ut
469 2297 500 2360 in
524 2297 590 2362 aliis
621 2297 814 2376 animalibus,
847 2295 902 2362 sed
940 2297 1032 2364 etiam

116 2383 318 2448 instructione
340 2398 490 2470 quantum
504 2383 543 2449 ad
558 2385 704 2461 animam
727 2406 799 2452 narn
816 2386 873 2451 alia
886 2386 1032 2453 animalia

118 2471 234 2537 habent
254 2473 434 2538 naturaliter
455 2493 526 2540 suas
549 2474 738 2560 prudentias,
754 2475 937 2560 quibussibi
959 2496 1032 2563 pro·

119 2559 227 2625 ridere
249 2575 386 2648 possunt;
408 2561 504 2628 honlo
526 2577 630 2629 autem
663 2564 780 2628 ratione
815 2563 898 2642 vivit,
936 2584 1031 2652 quern

119 2668 176 2736 per
198 2648 283 2735 longi
304 2651 451 2737 temporis
483 2653 727 2736 experimentum
765 2650 803 2716 ad
835 2652 1032 2739 prudentiam

119 2738 283 2825 pervenire
305 2752 434 2825 oportet:
457 2741 540 2805 unde
563 2761 688 2806 neeesse
711 2753 756 2806 est
790 2753 824 2806 ut
847 2741 901 2808 filii
939 2764 957 2808 a
981 2764 1034 2829 pa·

118 2827 257 2892 rentibus
280 2828 366 2913 quasi
400 2827 465 2914 jam
490 2831 621 2916 expertis
643 2831 843 2896 instruantur.
877 2830 940 2898 Neo
976 2833 1034 2898 hu-

117 2913 255 3000 jusmodi
278 2915 484 2984 instructionis
506 2930 577 2983 sunt
599 2938 726 3004 capaces
749 2939 822 2984 mox
845 2920 951 3006 geniti,
971 2919 1038 2990 sed

121 3015 192 3090 post
214 3003 343 3090 longum
366 3019 487 3092 tempus
514 3017 543 3073 et
567 3009 731 3095 praecipue
754 3027 826 3074 curn
864 3007 902 3074 ad
940 3030 1038 3077 annos

121 3093 316 3159 discretionis
338 3097 531 3182 perveniunt.
556 3096 600 3160 ad
624 3097 704 3162 hane
737 3097 830 3162 etiam
864 3098 1040 3165 instructio·

123 3201 199 3246 nem
221 3181 352 3268 longum
375 3195 498 3271 tenrpus
520 3184 697 3272 requiritor3
721 3198 752 3252 et
774 3199 847 3252 tune
863 3187 955 3253 etiam
971 3208 1042 3273 pro·

122 3283 192 3356 pter
233 3271 365 3358 impetus
389 3274 564 3359 passionum
589 3275 700 3360 quibus
727 3276 935 3363 corrumpitur
957 3279 1047 3343 aesti-

121 3357 218 3424 matio
240 3360 430 3446 prudentiae,
465 3361 602 3448 indigent
623 3384 686 3429 non
708 3363 810 3430 solum
833 3363 1042 3446 instructione,

121 3446 294 3514 sedetiam
318 3450 519 3536 repressione.
543 3449 671 3518 adhoc
694 3465 798 3519 autem
839 3451 1041 3523 muliercula

119 3553 186 3612 non
209 3536 333 3623 suffieit,
354 3538 409 3606 sed
433 3533 533 3627 magis
554 3541 585 3607 in
614 3541 672 3608 hoc
694 3541 859 3632 requiritur
882 3561 959 3631 opus
975 3565 1040 3613 nra·
