2514 3972
406 247 462 292 arn.
485 232 527 295 iu.
550 249 618 294 aare
636 249 733 294 cxxxi.
847 259 849 266 ·
975 230 1040 303 0393

119 313 342 404 improbantes,
363 329 469 381 eontra
500 317 708 402 evangelicam
743 315 926 397 doetrinam3
959 339 1037 406 quo·

119 425 192 473 rum
215 403 332 492 primus
353 403 532 490 vigilantius
548 408 710 472 invenitur:
724 426 816 493 quem
833 417 937 474 tamen
952 421 1037 496 post·

119 493 251 561 modum
286 492 379 578 aliqui
419 507 490 559 sunt
513 496 619 572 secuti,
642 495 778 562 dieentes
801 517 835 562 se
857 515 925 562 esse
961 497 1038 582 legis

120 582 274 661 doctores,
310 601 373 647 nort
408 583 612 670 intellipeoter
633 605 729 668 oeque
757 605 837 673 puae
873 586 1039 670 loquuntur

119 671 278 757 nequem
301 669 409 755 paulus
443 674 611 758 affirmant,
638 673 650 738 l
677 673 770 752 Tim,
793 675 823 750 l,
857 675 888 748 7,
912 675 964 760 qui
997 673 1037 741 ad

121 760 183 828 hoo
205 759 254 826 his
274 772 306 825 et
327 759 479 827 similibus
502 761 672 827 rationibus
694 776 765 828 sunt
789 761 915 828 indurti.

187 847 339 914 Naturalis
361 850 443 914 enim
466 852 618 938 appetitus
642 851 771 936 requirit
793 865 825 916 ut
840 849 1037 936 unumquod-

122 957 184 1026 que
206 937 320 1002 animal
343 937 400 1004 sibi
423 939 623 1025 providentio
646 941 825 1006 necessariis
848 960 923 1006 suae
945 945 1035 1017 vitae3

122 1025 207 1094 unde
229 1025 373 1092 animalia
397 1047 476 1114 quae
510 1049 572 1094 non
611 1029 749 1115 quolibet
788 1042 927 1116 tempore
963 1031 1034 1094 anni

122 1115 294 1184 necessaria
317 1135 392 1180 suae
418 1117 497 1184 vitae
514 1118 652 1182 invenire
665 1131 803 1204 possunt,
825 1118 959 1204 quodam
981 1137 1037 1186 na·

121 1203 214 1272 turali
238 1203 382 1270 instinctu
406 1223 545 1293 eaquae
571 1219 642 1272 sunt
665 1226 740 1272 suae
764 1207 1036 1272 vitaesneoessaria

121 1304 312 1378 congregant
334 1292 388 1358 illo
411 1305 550 1382 tempore
587 1314 649 1381 quo
679 1296 808 1360 inveniri
844 1305 983 1381 possunt,¹
1006 1307 1039 1360 et

120 1394 372 1456 ea‘oonsertant,
394 1383 473 1448 siout
496 1394 577 1470 patet
605 1383 644 1448 de
682 1383 790 1470 apibus
824 1395 855 1448 et
889 1381 1034 1448 formicis.

119 1470 268 1536 Homines
304 1482 408 1536 autem
446 1470 486 1536 ad
531 1491 606 1536 suae
643 1471 723 1536 vitae
770 1473 1034 1537 conservationem

119 1558 224 1625 multis
246 1557 385 1643 indigent
407 1579 487 1646 quae
510 1579 572 1625 non
608 1561 693 1626 omni
728 1574 868 1648 tempore
903 1560 1035 1626 inveniri

119 1658 258 1736 possunt.
272 1647 352 1713 lnest
367 1647 460 1733 igitur
481 1648 659 1714 naturaliter
674 1649 791 1714 homini
805 1647 889 1735 quod
901 1668 1031 1734 oonpre-

118 1749 173 1822 get
195 1750 226 1802 et
248 1750 408 1802 conseruet
430 1756 467 1802 ea
490 1757 569 1823 quae
591 1752 663 1802 sunt
684 1737 743 1803 sibi
777 1737 959 1804 necessaria.
983 1737 1034 1802 Est

119 1825 215 1911 igitur
235 1837 340 1891 eontra
363 1825 466 1910 legem
497 1826 670 1892 naturalem
708 1827 812 1892 omnia
845 1838 1031 1912 congregata

117 1914 296 2002 dispergere
311 1933 366 2000 per
389 1927 612 2001 paupertatem.

155 2002 301 2083 'Adhuo
322 2001 499 2069 Naturalem
536 2004 677 2070 affectum
701 2001 816 2069 liabent
852 2001 955 2068 omnia
992 2002 1032 2069 ad

116 2110 154 2158 ea
177 2090 289 2178 quibus
312 2110 380 2156 esse
402 2112 493 2157 suum
516 2106 724 2170 conservatur,
747 2093 778 2156 in
809 2105 959 2177 quantum
998 2113 1033 2158 o-

116 2181 203 2248 mnia
226 2187 293 2245 ‘esse
316 2192 472 2266 appetunt.
496 2178 556 2244 Sed
583 2201 638 2267 per
660 2179 861 2246 substantiam
899 2180 1030 2246 exterio·

114 2289 187 2334 rum
208 2267 364 2334 bonorum
381 2268 441 2334 vita
464 2267 599 2334 hominis
626 2282 834 2334 conservatur.
858 2266 943 2336 Sicut
977 2268 1030 2353 igi·

115 2370 168 2422 tur
199 2376 238 2424 ex
274 2357 405 2426 naturali
452 2356 521 2441 lege
567 2357 781 2444 unusquisque
811 2377 900 2422 suam
938 2356 1031 2423 vitam

117 2464 301 2512 conservare
323 2457 453 2524 tenetur,
467 2444 508 2510 ita
520 2457 551 2510 et
562 2446 745 2511 exteriorem
757 2445 969 2512 substantiam.
983 2444 1030 2512 Si·

115 2547 169 2600 out
205 2546 253 2600 est
285 2553 360 2619 ergo
382 2548 488 2600 eontra
522 2532 623 2619 legem
644 2546 772 2622 naturae
804 2532 887 2620 quod
921 2533 1030 2621 aliquis

116 2622 177 2688 sibi
199 2642 327 2690 manum
351 2621 475 2708 injiciat,
498 2622 539 2687 ita
562 2621 697 2707 eoquod
721 2621 829 2708 aliquis
857 2625 1029 2690 necessaria

118 2711 198 2778 vitae
219 2710 283 2797 stoi·
300 2709 458 2776 subtrahat
481 2730 537 2798 per
559 2710 761 2776 voluntariam
787 2721 1008 2795 paupertatem.

181 2799 329 2886 Amplius,
351 2798 535 2864 Naturaliter
552 2799 651 2866 'homo
674 2813 720 2864 est
753 2797 866 2862 enimal
904 2797 1028 2877 sociale,

114 2899 263 2976 utsupra
287 2887 477 2954 dictumest.
502 2886 637 2953 Societas
654 2900 756 2952 autem
780 2887 859 2952 inter
888 2885 1029 2952 homines

115 2977 291 3042 conservari
315 2996 377 3041 non
395 2988 508 3063 posset,
531 2975 588 3042 nisi
613 2996 692 3041 unus
708 2975 802 3040 alium
823 2972 954 3060 juvaret.
980 2975 1032 3041 Est

112 3065 207 3150 igitur
218 3063 357 3131 naturale
369 3064 546 3130 hominihus
558 3063 640 3150 quod
655 3084 734 3130 unus
747 3064 840 3128 alium
853 3063 884 3128 in
897 3064 1030 3130 necessi-

112 3153 226 3219 tatibus
239 3159 333 3240 juvet.
349 3152 394 3218 Ad
407 3155 465 3219 hoo
478 3166 579 3218 autem
598 3153 744 3217 auxilium
758 3151 919 3217 ferendum
933 3171 966 3218 se
983 3152 1031 3218 la·

113 3243 199 3310 ciunt
210 3241 393 3330 impotentes
401 3242 452 3328 qui
468 3241 651 3307 exteriorem
668 3240 870 3306 substantiam
882 3239 1030 3326 abjiciunt

113 3350 171 3420 per
192 3351 287 3418 quam
310 3329 477 3418 plurimum
500 3330 567 3396 aliis
588 3329 736 3396 auxilium
759 3328 867 3396 fertur.
898 3328 948 3394 Est
969 3329 1028 3413 igi·

114 3432 166 3486 tur
188 3433 294 3486 eontra
317 3416 488 3486 naturalem
511 3417 688 3486 instinctum
712 3430 858 3484 etoontra
875 3417 1027 3484 amicitiae

114 3521 147 3574 et
169 3507 324 3598 eharitatis
348 3508 465 3574 bouum
500 3506 584 3595 quod
622 3508 717 3574 homo
740 3527 796 3596 per
821 3506 1027 3574 uoluntariam

113 3611 326 3688 paupertatem
348 3617 473 3665 omnem
495 3597 697 3665 substantiam
719 3595 826 3664 mundi
849 3594 985 3684 abjiciat.
